2950 4150
381 2760 443 2793 10

485 259 570 323 30
985 255 1636 306 CORRESPONDENCE
1678 256 1769 306 OF
1814 255 2083 306 CICERO.

486 431 760 505 Romae,
806 430 936 492 iam
979 437 1086 492 me
1132 430 1411 513 adsequi
1450 437 1584 492 ηὸτι
1629 439 1853 511 potes;
1902 439 2003 492 sin
2050 449 2123 492 es
2164 428 2233 492 in
2273 429 2399 506 via,
2434 450 2587 493 cum

483 542 612 605 eris
660 549 767 604 me
812 544 1187 619 adsecfituS‚
1236 550 1460 605 coram
1511 550 1788 624 agemus
1837 562 2008 624 quae
2054 551 2250 605 erunt
2302 544 2582 624 agenda.

484 656 779 717 Tantum
827 663 892 717 te
937 663 1054 718 ὃτό
1098 665 1189 732 ut,
1235 654 1549 737 quoniam
1598 663 1704 718 me
1750 655 1969 737 ipsum
2017 675 2282 737 semper
2329 663 2584 732 amasti,

485 767 720 830 eodem
768 776 991 830 amore
1038 777 1145 830 sis,
1243 769 1408 850 Ego=
1447 768 1625 831 enim
1679 769 1856 831 idem
1911 788 2095 844 sum;
2157 768 2407 830 inimici
2458 777 2589 830 mei

487 900 635 943 mea
680 880 858 956 mihi,
904 887 1038 943 τιόιι
1087 888 1193 943 me
1236 881 1457 963 ipsum
1505 881 1912 944 ademerunt.
2009 881 2187 946 Cfira
2228 890 2301 944 ut
2342 882 2581 944 valeas,

490 993 668 1055 Data
698 1012 839 1056 vm.
878 978 1040 1057 idus
1071 994 1285 1077 April.
1322 992 1609 1057 Thuriis,

679 1257 880 1321 XIII.
975 1257 1177 1321 THE
1243 1257 1538 1320 EXILE
1598 1256 1725 1322 TO
1791 1257 1957 1323 HIS
2022 1256 2400 1321 FAMILY

1297 1374 1511 1460 (Fam.
1557 1396 1649 1456 14.
1684 1377 1773 1463 4).

650 1563 882 1613 Tullius
916 1563 977 1614 S.
1017 1563 1088 1612 D.
1129 1562 1450 1614 Terentiae
1483 1567 1549 1614 et
1583 1562 1810 1614 Tull-iae
1844 1567 1910 1614 et
1942 1563 2225 1615 Ciceroni
2257 1564 2417 1615 Suin.

578 1733 724 1814 Ego
779 1732 998 1794 minus
1053 1751 1255 1814 saepe
1311 1732 1398 1794 do
1451 1733 1536 1794 ad
1586 1740 1705 1794 vos
1753 1732 2006 1796 litteras
2060 1754 2259 1816 quam
2313 1754 2586 1814 possum

488 1851 842 1927 propterea
883 1844 1061 1927 quod
1102 1864 1253 1907 cum
1297 1844 1521 1906 omnia
1566 1844 1729 1906 mihi
1774 1853 2079 1927 tempora
2125 1855 2280 1909 sunt
2326 1845 2583 1922 misera,

488 1966 627 2020 tum
677 1964 852 2032 vero,
888 1977 1040 2019 cum
1083 1966 1199 2019 aut
1240 1956 1455 2019 scribo
1499 1958 1583 2019 ad
1625 1964 1744 2019 vos
1784 1967 1898 2021 aut
1937 1965 2195 2021 vestras
2237 1959 2405 2039 lego,
2440 1966 2588 2020 con-

488 2068 670 2132 ficior
716 2069 1003 2132 lacrimis
1052 2079 1143 2132 sic
1193 2079 1266 2133 ut
1312 2069 1489 2133 ferre
1536 2078 1669 2132 ηὸτι
1718 2070 1983 2163 possim.
2086 2070 2287 2153 Quod
2333 2070 2585 2133 utinam

489 2181 707 2243 minus
738 2191 915 2244 vitae
948 2181 1171 2263 cupidi
1202 2181 1597 2245 fuissemus!
1693 2183 1890 2248 Certe
1922 2182 2085 2245 nihil
2117 2193 2232 2246 aut
2263 2191 2396 2245 ηὸτι
2429 2183 2588 2246 mul-

487 2303 628 2356 tum
667 2293 732 2355 in
776 2301 912 2356 vita
955 2294 1113 2356 mali
1152 2294 1564 2357 vidissemus,
1663 2294 1861 2377 Quod
1904 2305 1961 2358 si
2000 2303 2122 2358 nos
2164 2280 2250 2358 ad
2296 2295 2586 2378 aliquam

486 2405 763 2469 alicfiius
817 2406 1149 2469 commodi
1201 2405 1559 2488 aliquando
1611 2407 2028 2489 reciperandi
2076 2428 2265 2488 spem
2318 2408 2588 2470 fortuna

485 2518 867 2594 reservavit,
902 2518 1121 2581 minus
1155 2528 1257 2582 est
1287 2526 1578 2582 erratum
1612 2526 1652 2582 a
1682 2520 1911 2597 nobis;
1960 2530 2017 2583 si
2047 2521 2212 2583 haec
2246 2521 2421 2583 mala
2451 2521 2588 2583 fixa

487 2640 659 2707 sunt,
695 2651 823 2713 ego
856 2638 1015 2693 vero
1056 2639 1122 2694 te
1159 2651 1359 2713 quam
1404 2642 1711 2713 primum,
1742 2616 1902 2695 ⁴mea
1942 2641 2093 2707 vita,
2134 2632 2331 2713 cupio
2360 2632 2586 2696 videre

488 2753 553 2806 et
600 2743 666 2805 in
709 2751 825 2805 tuo
867 2743 1214 2824 complexi-1
1265 2751 1488 2820 emori,
1533 2744 1845 2826 quoniam
1893 2764 2110 2827 neque
2152 2745 2258 2821 dii,
2306 2753 2472 2828 quos
2512 2752 2582 2808 τῦ

484 2856 851 2919 castissime
898 2855 1175 2931 coluisti,
1224 2876 1444 2939 neque
1491 2856 1812 2934 homines,
1863 2856 2102 2940 quibus
2148 2877 2276 2938 ego
2322 2877 2588 2940 semper

569 3041 725 3090 XIII.
775 3041 949 3090 Cicero
971 3047 1124 3091 wrote
1153 3042 1253 3090 this
1279 3041 1426 3090 letter
1456 3048 1510 3092 to
1563 3045 1703 3102 exile,
1738 3044 1847 3094 that
1882 3044 1948 3093 he
1983 3045 2086 3094 had
2125 3045 2468 3110 relinquished
2502 3054 2590 3095 out

398 3184 403 3188 .
481 3125 559 3173 his
577 3123 707 3182 wife,
726 3139 834 3182 son,
853 3125 955 3173 and
978 3124 1225 3186 daughter
1245 3139 1300 3172 as
1323 3125 1388 3172 he
1408 3140 1510 3174 was
1563 3127 1621 3175 of
1654 3127 2026 3176 consideration
2061 3127 2138 3176 for
2172 3129 2250 3176 his
2286 3128 2454 3191 family
2488 3131 2589 3178 and

481 3208 634 3256 about
673 3213 727 3255 to
767 3207 886 3255 take
932 3206 1044 3270 ship
1091 3212 1143 3255 at
1187 3207 1508 3256 Brundisium
1562 3210 1750 3260 friends
1809 3211 1888 3260 his
1957 3210 2207 3260 intention
2273 3217 2326 3260 to
2384 3212 2590 3260 commit

479 3291 557 3338 for
585 3289 970 3352 Dyrrhachium.
1039 3288 1170 3340 Suis
1202 3289 1506 3353 (greeting)‚
1562 3293 1766 3342 suicide.
1846 3294 1896 3342 It
1947 3301 2079 3342 must
2129 3294 2195 3342 be
2245 3294 2591 3343 remembered

477 3374 557 3422 his
596 3373 735 3422 dear.
822 3384 868 3433 3.
906 3371 1137 3431 vestraS,
1178 3387 1246 3421 sc,
1289 3373 1499 3422 litteras.
1558 3374 1669 3423 that
1701 3374 1893 3422 suicide
1919 3389 2021 3422 was
2053 3373 2351 3423 sanctioned
2383 3373 2450 3437 by
2476 3371 2585 3423 Cic·

477 3470 524 3516 4.
561 3454 709 3520 Quod
749 3453 993 3505 utinam:
1043 3453 1104 3502 cf.
1148 3453 1234 3503 the
1274 3455 1507 3519 frequent
1560 3458 1690 3505 ero's
1719 3455 2036 3520 philosophie
2069 3456 2236 3505 belief.
2304 3470 2351 3519 9.
2386 3455 2522 3515 vita,
2557 3472 2590 3506 a
2647 3451 2656 3457 ’

477 3537 614 3602 quod
628 3537 705 3593 si,·
742 3537 917 3586 Cicero
940 3536 1154 3586 laments
1177 3537 1286 3586 that
1310 3537 1376 3585 he
1404 3538 1505 3587 had
1560 3545 1687 3587 term
1718 3538 1776 3587 of
1805 3540 2132 3588 endearment
2165 3554 2399 3588 common
2433 3539 2487 3588 in
2514 3538 2589 3588 fa-

478 3627 567 3669 not
599 3626 701 3669 met
733 3620 885 3669 death
919 3620 972 3668 in
1006 3619 1274 3669 resistance
1306 3625 1360 3668 to
1393 3620 1506 3669 Clo·
1559 3621 1719 3671 miliar
1750 3622 1912 3670 Latin.
1993 3634 2066 3670 11.
2101 3620 2414 3672 castissime
2448 3621 2589 3673 colu-

477 3702 604 3762 dius,
651 3718 707 3751 or
755 3717 811 3752 as
861 3703 915 3751 in
963 3702 1108 3751 other
1154 3703 1327 3751 letters
1377 3703 1507 3752 from
1560 3702 1675 3764 isti,
1714 3704 1842 3753 have
1887 3704 2171 3770 worshiped
2206 3711 2332 3754 most
2361 3704 2582 3770 piousht.
