2950 4150
381 1805 434 1836 10

377 2413 429 2460 15

480 255 568 318 24
981 249 1629 300 CORRESPONDENCE
1673 250 1764 300 OF
1808 250 2074 300 CICERO.

796 455 920 520 v1.
1015 457 1084 521 A
1147 456 1391 522 LosT
1454 456 1836 520 LETTER
1878 453 2049 537 (Att.
2088 474 2142 520 2.
2181 455 2267 542 8).

1214 622 1431 673 010016
1467 622 1687 673 Attico
1723 623 1846 711 Sal.

571 770 950 853 Epistulam
992 790 1143 834 cum
1175 777 1215 833 a
1249 778 1316 833 te
1349 770 1543 833 avide
1583 777 2038 853 exspectarem
2083 772 2166 833 ad
2204 790 2581 852 vesperum,

480 894 555 947 ut
586 883 786 959 soleo,
814 903 970 946 ecce
1002 883 1121 946 tibi
1152 882 1427 946 nuntius
1460 891 1702 965 pueros
1732 882 1995 946 venisse
2032 884 2263 945 Roma.
2356 885 2583 961 Voc63

482 1004 747 1079 quaero,
782 996 1022 1078 ecquid
1054 995 1440 1059 litterarum.
1540 996 1829 1076 Negant.
1928 994 2108 1076 Quid
2142 995 2255 1070 aiS,
2293 984 2580 1078 inquam,

482 1108 734 1171 nihilne
773 1115 811 1170 a
851 1108 1261 1189 Pomponio?
1355 1106 1693 1175 Perterriti
1736 1116 1899 1170 voce
1946 1116 2013 1170 et
2057 1106 2243 1171 vultu
2293 1109 2587 1171 confessi
2663 1164 2665 1166 ,

484 1230 638 1284 sunt
676 1228 748 1284 se
789 1220 1148 1302 accepisse,
1196 1220 1313 1282 sed
1358 1219 1680 1282 excidisse
1718 1220 1785 1281 in
1830 1220 1958 1309 via.
2050 1219 2231 1301 Quid
2278 1220 2584 1302 quaeris?

487 1332 893 1395 Permoleste
921 1333 1060 1394 tuli.
1159 1331 1362 1393 Nulla
1387 1331 1564 1393 enim
1591 1331 1710 1393 abs
1735 1339 1801 1393 te
1835 1352 1953 1412 per
1987 1332 2109 1394 hos
2133 1331 2273 1394 dies
2300 1332 2585 1414 epistula

483 1444 698 1506 inanis
746 1444 965 1526 aliqua
1020 1451 1090 1505 re
1138 1442 1282 1505 utili
1326 1453 1392 1506 et
1439 1450 1628 1506 suavi
1670 1451 1961 1506 venerat.
2079 1445 2277 1507 Nunc
2325 1455 2381 1506 si
2426 1444 2584 1526 quid

482 1556 550 1618 in
597 1563 677 1619 ea
722 1556 1008 1637 epistula
1055 1576 1255 1638 quam
1293 1564 1449 1619 ante
1498 1555 1673 1618 diem
1716 1574 1849 1619 xv1.
1896 1556 2046 1618 Kal.
2087 1556 2302 1619 Maias
2345 1556 2586 1620 dedisti

482 1668 610 1732 fuit
657 1668 928 1732 historia
975 1668 1272 1749 dignum,
1323 1668 1537 1730 scribe
1593 1688 1793 1750 quam
1848 1678 2152 1750 primum,
2202 1676 2288 1730 ne
2332 1677 2585 1750 ignore-

483 1802 666 1858 mus3
717 1791 817 1843 sin
849 1780 1013 1842 nihil
1055 1788 1321 1862 praeter
1359 1780 1772 1857 iocationem,
1807 1781 2011 1844 redde
2053 1781 2120 1843 id
2161 1780 2399 1862 ipsum.
2496 1782 2585 1844 Et
2643 1846 2650 1854 ,

482 1902 647 1956 scito
680 1893 1038 1957 Curionem
1081 1893 1579 1955 adulescentem
1621 1891 1882 1956 venisse
1924 1894 2009 1956 ad
2050 1901 2157 1955 me
2204 1893 2579 1956 salutatum.

480 2005 697 2068 Valde
729 2005 869 2067 eius
903 2012 1122 2068 sermo
1154 2006 1238 2067 de
1273 2004 1504 2069 Publio
1535 2025 1686 2068 cum
1718 2015 1848 2068 tuis
1880 2005 2113 2069 litteris
2155 2006 2580 2087 congruebat.

484 2120 641 2201 Ipse
671 2125 830 2181 vero
861 2118 1235 2180 mirandum
1269 2118 1335 2179 in
1368 2119 1640 2181 modum

1145 2265 1393 2330 —rege‘s
1419 2260 1603 2314 odisse
1628 2260 1916 2330 superbos.

483 2399 823 2480 Peraeque
898 2396 1211 2460 narrabat
1270 2396 1614 2460 incensam
1676 2417 1824 2460 esse
1884 2397 2297 2460 iuventutern
2364 2417 2583 2479 neque

478 2512 655 2574 ferre
689 2511 854 2602 haec
888 2529 1103 2592 posse.
1203 2511 1388 2573 Bene
1422 2509 1744 2573 habemus
1776 2519 1917 2586 nos,
1953 2520 2008 2572 si
2038 2510 2106 2572 in
2139 2511 2242 2573 his
2275 2518 2428 2592 spes
2460 2520 2579 2573 est.

481 2624 759 2705 Opinor,
809 2622 987 2685 aliud
1036 2628 1334 2703 agamus,
1433 2623 1581 2704 Ego
1628 2630 1735 2686 me
1780 2623 1868 2686 do
1913 2622 2242 2685 historiae.
2338 2622 2584 2704 Quam-

563 2788 654 2838 V1.
706 2788 922 2838 Written
966 2788 1020 2836 in
1065 2787 1225 2852 April,
1272 2799 1335 2853 59
1380 2799 1504 2846 13.C.,
1555 2803 1725 2851 young
1745 2804 1881 2846 man,
1898 2788 2012 2836 who
2035 2786 2160 2839 later
2183 2788 2392 2836 became
2416 2803 2483 2836 an
2506 2803 2581 2836 ar·

476 2873 603 2920 from
660 2872 877 2920 Cicero's
926 2871 1041 2919 villa
1099 2886 1219 2919 near
1274 2871 1497 2919 Antium.
1557 2873 1679 2920 dent
1701 2878 1963 2934 supportet
1983 2870 2040 2919 of
2057 2870 2253 2919 Caesar.
2319 2884 2390 2918 12.
2409 2870 2582 2921 Valde

474 2955 671 3003 Atticus
693 2969 796 3002 was
823 2969 936 3001 now
965 2960 1016 3001 at
1051 2954 1228 3002 Rome.
1300 2966 1343 3001 2.
1386 2965 1503 3004 ecce
1557 2989 1569 3001 .
1618 2988 1629 3001 .
1678 2989 1690 3001 .
1737 2954 2077 3017 congruebat,
2123 2954 2340 3016 entirely
2385 2954 2580 3017 agreed.

474 3035 595 3095 tibi,
636 3037 742 3085 look
776 3052 882 3099 you
895 3052 918 3092 ,·
970 3036 1064 3084 tibi
1103 3036 1146 3084 is
1186 3035 1370 3084 ethical
1416 3037 1503 3085 da·
1557 3063 1621 3071 —
1653 3035 1861 3096 Publio,
1924 3037 2143 3086 Clodius.
2270 3050 2342 3098 14.
2405 3048 2576 3100 reges,

474 3121 590 3168 tive.
619 3147 687 3155 —
707 3131 902 3182 pueros
946 3117 1181 3177 venisse,
1227 3119 1328 3167 ind.
1376 3118 1496 3167 disc.
1557 3120 1743 3183 quoted
1768 3119 1895 3167 from
1921 3120 2142 3168 Lucilius
2168 3120 2269 3168 and
2305 3120 2427 3167 used
2460 3119 2580 3167 here

473 3202 592 3250 with
650 3201 859 3266 implied
914 3202 1049 3249 verb.
1168 3215 1215 3262 4.
1278 3202 1501 3265 Pompo-
1556 3202 1615 3250 of
1652 3202 1739 3251 the
1780 3202 2021 3251 so-called
2063 3203 2191 3250 First
2230 3202 2573 3250 Triumvirate.

474 3283 581 3343 nio,
626 3284 838 3333 Atticus'
883 3300 1083 3332 nomen.
1181 3283 1227 3332 8.
1278 3282 1496 3343 dedisti,
1562 3296 1633 3349 15.
1674 3285 1961 3349 Peraeque,
1984 3291 2030 3333 to
2059 3286 2194 3348 quite
2226 3285 2303 3332 tlze
2334 3300 2470 3331 same
2504 3285 2582 3332 de-

471 3368 766 3431 dispatched.
865 3379 912 3428 9.
971 3364 1202 3417 historia
1253 3365 1498 3430 dignum,
1547 3384 1677 3432 gree.
1769 3380 1842 3432 17.
1890 3365 2105 3430 opinor,
2142 3366 2292 3417 aliud
2331 3379 2577 3430 agamus,

473 3451 729 3514 especially
776 3451 1070 3512 important.
1167 3462 1241 3497 10.
1284 3448 1503 3499 iocatio-
1557 3450 1616 3497 in
1658 3465 1741 3512 my
1781 3443 1993 3513 opinion
2033 3467 2106 3499 we
2152 3450 2332 3498 should
2369 3450 2428 3497 do
2473 3449 2587 3497 well

473 3545 612 3591 nem,
644 3533 845 3597 joking.
876 3559 943 3568 —-
965 3532 1141 3589 redde,
1183 3532 1328 3579 make
1365 3532 1502 3595 good,
1555 3539 1601 3579 to
1631 3532 1807 3581 eschew
1831 3533 2045 3596 politics.
2070 3560 2138 3568 —
2160 3530 2453 3582 historiae:
2495 3532 2582 3580 the

472 3618 557 3664 i.e.
599 3616 665 3677 by
700 3614 961 3678 repeating
997 3614 1035 3662 it
1072 3614 1124 3661 in
1162 3613 1374 3661 another
1411 3614 1502 3662 let·
1557 3621 1698 3663 exact
1744 3621 1918 3663 nature
1966 3615 2023 3663 of
2075 3616 2175 3664 this
2221 3615 2358 3664 work
2404 3614 2446 3663 is
2492 3631 2582 3663 un-

472 3706 562 3748 ter.
633 3710 708 3746 11.
733 3695 1035 3755 Curionem,
1059 3712 1090 3744 a
1112 3702 1242 3745 most
1267 3696 1503 3745 dissolute
1556 3697 1760 3757 known,
1800 3698 1890 3746 but
1931 3699 1969 3747 it
2009 3714 2123 3761 may
2164 3700 2291 3748 have
2337 3698 2470 3746 been
2516 3714 2584 3746 an
