2950 4150
917 266 965 314 A
1012 261 1421 323 MONUMENT
1462 261 1554 314 To
1595 260 1875 314 TULLIA.
2361 249 2450 335 69

344 441 455 504 nio
509 440 759 504 sutorio
812 447 1185 503 atramento
1234 439 1578 501 absolutus
1632 446 1920 522 putatur.
2036 438 2189 519 Qua
2241 446 2313 501 re
2363 439 2449 500 ad

346 562 568 635 patres
624 561 866 616 censeo
919 558 1289 630 revertare3
1362 551 1606 634 plebeii
1656 570 1856 634 quam
1909 550 2160 613 fuerint
2211 549 2449 633 impor-
2493 574 2551 618 40

347 674 491 728 tfin'i
534 664 739 728 vides,

414 895 762 960 XXXIII.
858 895 1210 962 CICERO
1273 896 1692 960 GRIEVES
1756 895 1951 960 FOR
2012 894 2383 960 TULLIA

1044 1008 1250 1092 (from
1287 1008 1421 1071 Att.
1475 1025 1569 1071 12.
1621 1007 1742 1091 15).

435 1180 518 1243 In
573 1180 699 1244 hac
753 1180 1108 1243 solitudine
1162 1188 1357 1243 careo
1402 1179 1699 1243 onmium
1745 1178 2115 1261 conloquio,
2164 1198 2448 1261 cumque

346 1299 543 1355 mane
593 1300 701 1355 me·
749 1292 816 1355 in
868 1291 1102 1355 silvam
1152 1293 1441 1356 abstrusi
1490 1291 1765 1355 densam
1816 1301 1884 1355 et
1936 1310 2263 1372 asperam,
2314 1299 2448 1353 non

345 1413 509 1467 exeo
539 1404 693 1467 inde
726 1414 881 1468 ante
912 1425 1287 1486 vesperum.
1386 1404 1770 1469 Secundum
1818 1410 1885 1466 te
1930 1403 2094 1466 nihil
2139 1412 2242 1467 est
2289 1403 2451 1465 mihi

347 1518 621 1579 amicius
671 1517 1040 1580 solitudine.
1142 1517 1221 1579 In
1273 1524 1351 1579 ea
1403 1516 1566 1579 mihi
1614 1515 1829 1579 omnis
1880 1524 2098 1579 sermo
2147 1526 2248 1578 est
2297 1536 2447 1579 cum

346 1628 613 1705 litteris;
693 1649 846 1691 eum
914 1638 1139 1692 tamen
1209 1628 1590 1711 interpellat
1660 1629 1871 1703 fletuS‚
1943 1627 2050 1691 cui
2123 1634 2445 1709 repugno,
2493 1650 2523 1697 5

346 1741 566 1823 quoad
614 1761 909 1824 possum,
959 1742 1077 1804 sed
1124 1741 1343 1804 adhfic
1390 1748 1587 1822 pares
1633 1749 1768 1803 non
1817 1760 2063 1804 sumus,

522 1982 847 2058 XXXIV.
946 1981 1016 2045 A
1080 1982 1652 2048 MONUMENT
1715 1981 1839 2047 TO
1903 1972 2276 2046 TULLIA

1108 2093 1279 2180 (Att.
1326 2113 1415 2158 12.
1463 2098 1556 2158 18.
1601 2094 1680 2181 1).

1081 2260 1297 2310 Cicero
1333 2260 1551 2310 Attico
1587 2259 1712 2311 Sal.

438 2410 620 2472 Dum
662 2408 1154 2473 recordationes
1198 2408 1405 2490 fugio,
1441 2428 1615 2490 quae
1660 2406 1853 2490 quasi
1893 2414 2117 2471 morsi]
2159 2408 2448 2490 quodam

347 2521 641 2584 dolorem
718 2520 1029 2597 efficiunt,
1095 2521 1360 2603 refugio
1421 2522 1507 2583 ad
1567 2528 1634 2584 te
1694 2520 2207 2596 admonendum,
2271 2520 2450 2603 quod

344 2633 545 2696 velim
606 2632 769 2696 mihi
820 2641 1149 2715 ignoscas
1206 2632 1608 2697 cuicuimodi
1667 2642 1786 2696 est.
1906 2632 2172 2696 Etenim
2236 2632 2452 2695 habeo

347 2752 480 2808 non
529 2746 746 2808 nullos
794 2766 874 2808 ex
912 2745 990 2808 iis
1033 2754 1199 2828 quos
1239 2766 1416 2809 nunc
1464 2745 1691 2810 lectito
1732 2752 2034 2808 auctores
2077 2731 2191 2827 qui
2227 2745 2452 2808 dicant

350 2858 490 2920 fieri
543 2857 608 2921 id
664 2866 972 2942 oportere
1029 2858 1206 2940 quod
1257 2879 1460 2940 saepe
1513 2866 1735 2921 tecum
1791 2865 1901 2940 egi
1951 2867 2019 2922 et
2072 2858 2248 2940 quod
2297 2865 2338 2920 5,
2384 2865 2452 2921 te
2496 2876 2524 2923 5

347 2971 706 3051 approbari
735 2971 901 3033 volo.
1001 2972 1107 3033 De
1137 2971 1298 3033 fano
1329 2971 1443 3034 illo
1474 2972 1640 3047 dico,
1677 2971 1761 3035 de
1792 2979 1927 3054 quo
1957 2980 2218 3034 tantum
2250 2990 2452 3053 quan-

348 3139 581 3189 deseated
605 3140 671 3203 by
694 3141 780 3189 the
804 3140 990 3190 Cimbri
1022 3147 1072 3190 at
1102 3141 1291 3190 Noreia
1321 3141 1373 3190 in
1424 3141 1541 3190 villa
1565 3148 1617 3190 at
1639 3143 1838 3200 Astura,
1864 3141 1950 3190 the
1973 3140 2190 3190 solitude
2213 3140 2272 3189 os
2290 3140 2452 3188 which

352 3234 443 3284 113
475 3234 576 3271 B.C.
595 3223 753 3273 -Μ,
781 3222 1033 3282 Antonio,
1067 3225 1152 3272 the
1187 3231 1366 3272 orator.
1425 3241 1527 3273 was
1550 3223 1762 3288 grateful
1781 3225 1833 3273 in
1853 3224 1931 3272 his
1954 3239 2154 3272 sorrow.
2217 3236 2257 3272 1.
2282 3234 2452 3281 careo,

349 3317 427 3366 39.
462 3304 666 3356 sutorio
698 3305 1025 3365 atramento,
1053 3305 1376 3354 shoemaker’s
1425 3308 1465 3354 I
1472 3307 1746 3357 withdraw
1753 3308 1920 3372 from.
1981 3319 2026 3355 2.
2055 3304 2310 3364 abstrusi,
2327 3305 2455 3352 have

346 3386 588 3452 blacking,
614 3404 643 3436 a
666 3388 862 3451 poison.
1425 3390 1614 3438 buried
1631 3390 1819 3454 myself.

435 3470 688 3519 XXXIII.
736 3471 953 3519 Written
980 3472 1158 3520 March
1180 3473 1285 3533 9th,
1309 3483 1371 3537 45
1515 3472 1757 3521 XXXIV.
1826 3472 2042 3520 Written
2090 3470 2266 3519 March
2319 3469 2452 3528 11th,

347 3563 444 3601 ΒΩ.
519 3553 697 3601 Cicero
743 3554 846 3603 had
893 3554 989 3603 lost
1035 3554 1113 3602 his
1160 3555 1374 3604 beloved
1424 3567 1488 3619 45
1530 3567 1628 3604 13.c.
1714 3567 1759 3617 3.
1794 3552 2128 3611 cuicuimodi,
2170 3553 2247 3601 for
2286 3553 2453 3600 cuius·

348 3635 610 3697 daughter,
650 3637 827 3695 Tullia,
868 3637 921 3684 in
960 3638 1047 3685 the
1088 3637 1275 3686 middle
1323 3638 1381 3686 of
1426 3638 1575 3685 cuius
1620 3638 1769 3695 modi,
1816 3652 1934 3700 gen.
1985 3636 2044 3684 of
2082 3636 2311 3699 quisquis
2355 3651 2454 3682 mo-

348 3717 615 3781 February,
656 3720 756 3767 and
802 3719 867 3767 he
907 3735 1008 3768 was
1054 3736 1167 3768 now
1207 3728 1258 3769 at
1296 3720 1375 3769 his
1426 3720 1534 3769 dus.
1653 3736 1704 3781 4.
1765 3718 1971 3780 lectito,
2032 3719 2155 3783 freq.
2224 3719 2283 3767 of
2336 3719 2448 3784 legv.
