2950 4150
384 585 439 617 10

487 266 567 343 78
985 270 1632 322 CORRESPONDENCE
1675 271 1765 320 OF
1810 272 2079 321 cicERO.

485 450 739 512 faceret
770 456 834 509 et
867 467 1067 529 quarn
1111 466 1302 508 suum
1344 446 1547 508 tillem
1591 453 1752 526 erga
1796 453 1902 507 me
1943 445 2236 509 animum
2280 446 2400 509 tibi
2442 455 2587 527 gra-

482 572 623 625 tum
659 567 921 643 putaret
954 560 1115 622 fore.
1212 558 1417 623 Cuius
1450 558 1666 621 officia
1690 557 2078 620 iucundiora
2104 559 2353 622 scilicet
2378 580 2585 642 saepe

485 673 647 736 mihi
671 674 961 747 fuerunt,
990 691 1353 753 numquam
1385 679 1611 732 tamen
1644 669 1948 751 gratiora.
2049 672 2162 733 Me
2194 681 2416 735 autem
2448 680 2582 735 non

484 785 695 849 oratio
754 795 869 847 tua
930 784 1143 846 solum
1205 792 1272 845 et
1333 783 1615 845 societ-{is
1677 802 1892 865 paene
1955 783 2407 864 aegritudinis
2465 785 2584 848 sed

485 899 684 960 etiarn
716 895 1073 960 auctoritas
1116 896 1510 958 consolatur.
1604 896 1831 976 Turpe
1871 895 2048 957 enim
2092 915 2239 958 esse
2281 896 2586 959 existimo

486 1018 592 1073 me
623 1018 757 1072 non
790 1010 882 1072 ita
913 1010 1090 1071 ferre
1123 1015 1350 1070 casum
1384 1027 1608 1069 meum
1642 1016 1715 1069 ut
1748 1015 1838 1082 tu,
1873 1008 1991 1069 tali
2033 1007 2358 1089 sapienti}
2400 1030 2585 1091 prae-

485 1123 679 1198 ditus,
720 1121 1072 1184 ferendum
1121 1127 1333 1202 putas.
1449 1120 1585 1184 Sed
1632 1119 1968 1201 opprimor
2005 1120 2337 1182 interdum
2381 1130 2448 1184 et
2477 1122 2587 1184 vix

486 1235 721 1297 resisto
753 1234 978 1308 dolori,
1014 1233 1190 1315 quod
1224 1252 1304 1295 ea
1344 1240 1448 1294 me
1491 1231 1734 1294 solacia
1774 1231 2092 1294 deficiunt
2133 1252 2304 1314 quae
2347 1241 2585 1296 ceteris

487 1355 767 1430 quorum
823 1345 983 1407 mihi
1036 1345 1340 1427 exempla
1389 1352 1694 1427 propono
1745 1344 1944 1406 simili
1996 1344 2062 1406 in
2116 1345 2387 1407 fortun}
2449 1354 2583 1409 non

486 1460 860 1523 defuerunt.
975 1459 1151 1519 Nam
1201 1466 1268 1520 et
1316 1457 1395 1539 Q.
1455 1455 1808 1532 MaximuS,
1860 1466 1973 1538 qui
2021 1456 2233 1519 filium
2289 1459 2587 1520 consula-

487 1592 644 1647 rem,
698 1571 947 1634 clfirum
999 1569 1213 1632 virum
1267 1578 1334 1631 et
1388 1576 1649 1649 magnis
1703 1568 1900 1630 rebus
1951 1578 2174 1650 gestis,
2229 1569 2466 1645 amisit,
2520 1579 2586 1633 et

491 1686 564 1747 L.
610 1683 892 1759 Paullus,
939 1693 1051 1764 qui
1097 1682 1228 1744 duo
1276 1690 1534 1763 septem
1582 1680 1833 1756 diebuS,
1883 1690 1950 1742 et
1995 1689 2217 1743 vester
2263 1681 2473 1745 Galus
2520 1692 2587 1745 et

490 1799 581 1859 M.
620 1797 805 1872 Cato,
840 1804 953 1877 qui
983 1801 1243 1857 summo
1280 1792 1568 1874 ingenio,
1604 1800 1864 1855 summ}
1905 1792 2147 1855 virtute
2188 1792 2398 1855 filiurn
2444 1815 2587 1876 per-

485 1908 668 1984 didit,
713 1907 790 1969 iis
832 1906 1244 1988 temporibus
1288 1906 1560 1967 fuerunt
1601 1914 1673 1966 ut
1719 1913 1945 1967 eorum
1994 1905 2243 1967 luctum
2290 1905 2584 1986 ipsorum

487 2020 774 2101 dignitas
821 2019 1273 2082 consolaretur
1318 2037 1397 2081 ea
1443 2036 1645 2100 quam
1687 2036 1767 2080 ex
1808 2024 1878 2079 re
1921 2017 2184 2099 publicai
2231 2024 2587 2102 conseque-

485 2133 744 2195 bantur.
842 2131 1013 2194 Mihi
1058 2140 1281 2194 autem
1326 2131 1589 2194 {missis
1635 2139 2042 2195 ornamentis
2088 2131 2166 2193 iis
2215 2152 2386 2214 quae
2441 2133 2585 2214 ipse

486 2251 968 2309 commemoras
1000 2263 1301 2325 quaeque
1339 2263 1520 2306 eram
1566 2242 1866 2305 maximis
1903 2242 2237 2305 laboribus
2279 2244 2582 2325 adeptuS‚

488 2366 693 2420 finum
725 2357 1040 2419 manebat
1070 2356 1232 2419 illud
1276 2355 1612 2432 soliicium,
1648 2355 1825 2438 quod
1869 2363 2169 2436 ereptum
2211 2364 2328 2418 est.
2427 2357 2583 2420 Non

486 2478 847 2533 amicorum
881 2468 1180 2549 negotiiS,
1217 2476 1350 2530 non
1395 2478 1492 2530 rei
1533 2467 1839 2549 publicae
1876 2467 2340 2548 procuratione
2383 2468 2586 2550 impe-

434 2607 443 2615 ·
486 2582 836 2646 diebantur
878 2581 1312 2662 eogitiitiones
1356 2600 1564 2655 meae,
1600 2580 1764 2642 nihil
1803 2580 1870 2642 in
1902 2580 2051 2642 foro
2080 2599 2281 2664 agere
2313 2580 2581 2659 libebat,

486 2694 826 2775 adspicere
876 2693 1127 2757 curiam
1181 2701 1315 2755 non
1377 2702 1699 2773 poteram,
1756 2691 2233 2768 existimabam,
2289 2691 2355 2754 id
2405 2695 2583 2775 quod

491 2913 563 2949 10.
591 2899 755 2951 Cuius
781 2937 793 2950 .
813 2937 857 2950 ..
883 2901 1139 2965 gratiora,
1164 2903 1243 2953 i.e.
1268 2904 1333 2952 he
1359 2904 1506 2953 could
1560 2906 1718 2955 rebus
1743 2904 1930 2969 gestis,
1956 2905 2053 2954 abl.
2074 2904 2129 2953 of
2149 2904 2350 2969 quality.
2418 2916 2497 2952 20.
2526 2902 2582 2951 L.

485 2983 602 3031 take
632 2998 699 3031 no
724 2983 961 3046 pleasure
993 2991 1044 3033 at
1075 2986 1198 3034 such
1235 3002 1264 3034 a
1298 2986 1418 3035 time
1454 2987 1507 3034 in
1560 2987 1797 3046 Paullus,
1822 2988 1907 3036 the
1935 2988 2093 3036 victor
2122 2987 2180 3035 of
2202 2988 2389 3049 Pydna,
2414 2985 2582 3033 whose

485 3065 570 3112 the
616 3065 793 3128 kindly
831 3066 1044 3115 services
1090 3067 1149 3115 of
1189 3068 1389 3126 friends,
1436 3069 1507 3117 al·
1559 3076 1655 3118 two
1673 3085 1842 3133 young
1859 3086 1975 3119 sons
1992 3070 2110 3119 died
2134 3069 2315 3132 during
2336 3068 2423 3117 the
2440 3068 2583 3116 week

484 3147 677 3209 though
715 3148 833 3211 they
866 3165 995 3197 were
1025 3151 1255 3216 grateful
1286 3159 1338 3200 to
1377 3152 1502 3199 him.
1559 3151 1618 3200 of
1635 3153 1719 3200 the
1745 3152 2050 3201 celebration
2079 3152 2137 3200 of
2165 3152 2243 3200 his
2276 3151 2496 3214 triumph
2530 3150 2581 3199 in

488 3241 562 3278 12.
587 3229 758 3282 oratio
781 3230 893 3288 tua,
903 3247 1043 3294 your
1057 3233 1235 3281 words.
1290 3246 1362 3296 13.
1385 3246 1504 3284 auc·
1565 3233 1654 3298 167
1694 3246 1794 3283 13.c.
1818 3235 2097 3293 —vester,
2133 3250 2272 3298 your
2314 3234 2577 3281 kinsman.

482 3311 696 3371 toritas,
732 3314 811 3362 the
847 3314 1153 3377 importance
1192 3316 1231 3363 I
1257 3316 1422 3365 attach
1460 3323 1507 3364 to
1560 3329 1638 3364 21.
1673 3317 1745 3366 M.
1790 3316 1940 3376 Cato,
1983 3317 2067 3365 the
2108 3317 2310 3365 Censor.
2394 3328 2471 3378 23.
2514 3328 2583 3365 ex

472 3410 613 3457 your
635 3396 861 3459 opinion.
936 3410 1009 3462 15.
1045 3397 1330 3462 opprimor,
1356 3400 1395 3447 I
1419 3416 1504 3447 am
1559 3414 1614 3450 re
1637 3399 1868 3464 publica,
1889 3401 1948 3448 in
1971 3401 2049 3448 the
2070 3400 2256 3449 service
2278 3399 2424 3465 ofthe
2445 3404 2582 3447 state.

482 3492 743 3527 overcome.
825 3479 897 3528 16.
932 3479 1206 3540 deficiunt,
1232 3501 1280 3525 =
1306 3482 1498 3530 desunt.
1561 3496 1637 3547 27.
1673 3482 1751 3533 rei
1789 3481 2039 3547 publicae
2078 3479 2464 3545 procuratione,
2505 3481 2584 3528 the

490 3559 562 3608 18.
604 3559 661 3625 Q.
702 3560 994 3620 Maximus,
1029 3564 1114 3611 the
1157 3572 1415 3628 opponent
1455 3565 1515 3613 of
1559 3566 1770 3614 conduct
1804 3567 1868 3631 of
1881 3566 2056 3628 public
2093 3564 2326 3613 business.
2408 3562 2487 3611 28.
2523 3560 2584 3611 in

486 3641 776 3703 Hannibal5
832 3644 899 3693 he
940 3645 1190 3695 delivered
1238 3662 1268 3695 a
1313 3647 1505 3696 funeral
1557 3647 1673 3699 foro
1712 3660 1887 3712 agere,
1928 3648 2008 3697 i.e.
2051 3663 2105 3695 as
2146 3646 2349 3710 pleader
2394 3644 2448 3693 in
2493 3644 2582 3694 the

484 3724 678 3773 oration
715 3742 833 3775 over
870 3727 947 3775 his
982 3743 1088 3776 son.
1179 3741 1251 3790 19.
1288 3728 1505 3794 magnis
1558 3737 1723 3778 courts
1762 3730 1821 3778 of
1854 3730 1962 3779 law.
2053 3743 2130 3791 29.
2172 3727 2228 3778 id
2268 3727 2408 3793 quod
2447 3727 2584 3786 erat,
