<?xml version="1.0" encoding="UTF-8"?>
<!DOCTYPE html PUBLIC "-//W3C//DTD XHTML 1.0 Transitional//EN"
    "http://www.w3.org/TR/xhtml1/DTD/xhtml1-transitional.dtd">
<html xmlns="http://www.w3.org/1999/xhtml" xml:lang="en" lang="en">
 <head>
  <title>
</title>
<meta http-equiv="Content-Type" content="text/html;charset=utf-8" />
  <meta name='ocr-system' content='tesseract 3.04.00' />
  <meta name='ocr-capabilities' content='ocr_page ocr_carea ocr_par ocr_line ocrx_word'/>
</head>
<body>
  <div class='ocr_page' id='page_1' title='image "./selectionsfromc00kirtgoog_0102.png"; bbox 0 0 2950 4150; ppageno 0'>
   <div class='ocr_carea' id='block_1_1' title="bbox 375 592 434 625">
    <p class='ocr_par' dir='ltr' id='par_1_1' title="bbox 375 592 434 625">
     <span class='ocr_line' id='line_1_1' title="bbox 375 592 434 625; baseline 0.017 -1"><span class='ocrx_word' id='word_1_1' title='bbox 375 592 434 625; x_wconf 89' lang='lat'>20</span> 
     </span>
    </p>
   </div>
   <div class='ocr_carea' id='block_1_2' title="bbox 376 1145 432 1192">
    <p class='ocr_par' dir='ltr' id='par_1_2' title="bbox 376 1145 432 1192">
     <span class='ocr_line' id='line_1_2' title="bbox 376 1145 432 1192; baseline 0 0"><span class='ocrx_word' id='word_1_2' title='bbox 376 1145 432 1192; x_wconf 84' lang='lat'>25</span> 
     </span>
    </p>
   </div>
   <div class='ocr_carea' id='block_1_3' title="bbox 377 1713 437 1756">
    <p class='ocr_par' dir='ltr' id='par_1_3' title="bbox 377 1713 437 1756">
     <span class='ocr_line' id='line_1_3' title="bbox 377 1713 437 1756; baseline 0 -12"><span class='ocrx_word' id='word_1_3' title='bbox 377 1713 437 1756; x_wconf 87' lang='lat'>30</span> 
     </span>
    </p>
   </div>
   <div class='ocr_carea' id='block_1_4' title="bbox 377 2269 432 2315">
    <p class='ocr_par' dir='ltr' id='par_1_4' title="bbox 377 2269 432 2315">
     <span class='ocr_line' id='line_1_4' title="bbox 377 2269 432 2315; baseline -0.018 0"><span class='ocrx_word' id='word_1_4' title='bbox 377 2269 432 2315; x_wconf 85' lang='lat'>35</span> 
     </span>
    </p>
   </div>
   <div class='ocr_carea' id='block_1_5' title="bbox 369 2838 430 2881">
    <p class='ocr_par' dir='ltr' id='par_1_5' title="bbox 369 2838 430 2881">
     <span class='ocr_line' id='line_1_5' title="bbox 369 2838 430 2881; baseline 0 -12"><span class='ocrx_word' id='word_1_5' title='bbox 369 2838 430 2881; x_wconf 87' lang='lat'>40</span> 
     </span>
    </p>
   </div>
   <div class='ocr_carea' id='block_1_6' title="bbox 477 270 2074 350">
    <p class='ocr_par' dir='ltr' id='par_1_6' title="bbox 477 270 2074 350">
     <span class='ocr_line' id='line_1_6' title="bbox 477 270 2074 350; baseline 0.001 -20"><span class='ocrx_word' id='word_1_6' title='bbox 477 270 566 350; x_wconf 85' lang='lat'>96</span> <span class='ocrx_word' id='word_1_7' title='bbox 981 280 1628 332; x_wconf 89' lang='lat' dir='ltr'>CORRESPONDENCE</span> <span class='ocrx_word' id='word_1_8' title='bbox 1671 281 1763 331; x_wconf 91' lang='lat' dir='ltr'>OF</span> <span class='ocrx_word' id='word_1_9' title='bbox 1805 281 2074 332; x_wconf 91' lang='lat' dir='ltr'><strong>CICERO.</strong></span> 
     </span>
    </p>
   </div>
   <div class='ocr_carea' id='block_1_7' title="bbox 476 452 2581 2999">
    <p class='ocr_par' dir='ltr' id='par_1_7' title="bbox 476 452 2581 2999">
     <span class='ocr_line' id='line_1_7' title="bbox 479 452 2578 536; baseline 0 -20"><span class='ocrx_word' id='word_1_10' title='bbox 479 453 680 516; x_wconf 91' lang='lat' dir='ltr'>istum</span> <span class='ocrx_word' id='word_1_11' title='bbox 712 452 993 533; x_wconf 87' lang='lat' dir='ltr'>gradum</span> <span class='ocrx_word' id='word_1_12' title='bbox 1032 453 1399 535; x_wconf 81' lang='lat' dir='ltr'>sapientiae</span> <span class='ocrx_word' id='word_1_13' title='bbox 1442 462 1577 516; x_wconf 74' lang='lat' dir='ltr'>non</span> <span class='ocrx_word' id='word_1_14' title='bbox 1621 454 2020 536; x_wconf 73' lang='lat' dir='ltr'>pervenisse.</span> <span class='ocrx_word' id='word_1_15' title='bbox 2119 455 2360 536; x_wconf 85' lang='lat' dir='ltr'><strong>Neque</strong></span> <span class='ocrx_word' id='word_1_16' title='bbox 2401 453 2578 517; x_wconf 91' lang='lat' dir='ltr'>enim</span> 
     </span>
     <span class='ocr_line' id='line_1_8' title="bbox 481 564 2575 642; baseline -0.001 -13"><span class='ocrx_word' id='word_1_17' title='bbox 481 566 840 630; x_wconf 86' lang='lat' dir='ltr'>Caesarem</span> <span class='ocrx_word' id='word_1_18' title='bbox 871 565 938 626; x_wconf 91' lang='lat' dir='ltr'>in</span> <span class='ocrx_word' id='word_1_19' title='bbox 971 564 1382 628; x_wconf 72' lang='lat' dir='ltr'>dissensione</span> <span class='ocrx_word' id='word_1_20' title='bbox 1414 566 1592 629; x_wconf 87' lang='lat' dir='ltr'>civili</span> <span class='ocrx_word' id='word_1_21' title='bbox 1621 586 1768 628; x_wconf 91' lang='lat' dir='ltr'>sum</span> <span class='ocrx_word' id='word_1_22' title='bbox 1802 573 2102 642; x_wconf 60' lang='lat' dir='ltr'>secutus„</span> <span class='ocrx_word' id='word_1_23' title='bbox 2121 567 2235 628; x_wconf 93' lang='lat' dir='ltr'>sed</span> <span class='ocrx_word' id='word_1_24' title='bbox 2271 575 2575 641; x_wconf 88' lang='lat' dir='ltr'>amicum,</span> 
     </span>
     <span class='ocr_line' id='line_1_9' title="bbox 481 677 2579 759; baseline 0 -20"><span class='ocrx_word' id='word_1_25' title='bbox 481 697 886 759; x_wconf 91' lang='lat' dir='ltr'>quamquam</span> <span class='ocrx_word' id='word_1_26' title='bbox 947 685 1019 739; x_wconf 72' lang='lat' dir='ltr'>re</span> <span class='ocrx_word' id='word_1_27' title='bbox 1079 677 1493 754; x_wconf 72' lang='lat' dir='ltr'>offendebar,</span> <span class='ocrx_word' id='word_1_28' title='bbox 1557 686 1784 740; x_wconf 92' lang='lat' dir='ltr'>tamen</span> <span class='ocrx_word' id='word_1_29' title='bbox 1844 685 1978 740; x_wconf 71' lang='lat' dir='ltr'>non</span> <span class='ocrx_word' id='word_1_30' title='bbox 2040 678 2304 740; x_wconf 71' lang='lat' dir='ltr'>deserui</span> <span class='ocrx_word' id='word_1_31' title='bbox 2361 697 2579 759; x_wconf 91' lang='lat' dir='ltr'>neque</span> 
     </span>
     <span class='ocr_line' id='line_1_10' title="bbox 479 788 2578 870; baseline -0.001 -18"><span class='ocrx_word' id='word_1_32' title='bbox 479 788 727 852; x_wconf 92' lang='lat' dir='ltr'>bellum</span> <span class='ocrx_word' id='word_1_33' title='bbox 780 810 1095 870; x_wconf 90' lang='lat' dir='ltr'>umquam</span> <span class='ocrx_word' id='word_1_34' title='bbox 1150 790 1339 853; x_wconf 90' lang='lat' dir='ltr'>civile</span> <span class='ocrx_word' id='word_1_35' title='bbox 1393 798 1510 852; x_wconf 93' lang='lat' dir='ltr'>aut</span> <span class='ocrx_word' id='word_1_36' title='bbox 1561 789 1761 852; x_wconf 91' lang='lat' dir='ltr'>etiam</span> <span class='ocrx_word' id='word_1_37' title='bbox 1814 810 2084 853; x_wconf 93' lang='lat' dir='ltr'>causam</span> <span class='ocrx_word' id='word_1_38' title='bbox 2146 788 2578 852; x_wconf 72' lang='lat' dir='ltr'>dissensionis</span> 
     </span>
     <span class='ocr_line' id='line_1_11' title="bbox 480 900 2580 984; baseline 0 -22"><span class='ocrx_word' id='word_1_39' title='bbox 480 900 773 982; x_wconf 71' lang='lat' dir='ltr'>probavi,</span> <span class='ocrx_word' id='word_1_40' title='bbox 824 921 1023 984; x_wconf 92' lang='lat' dir='ltr'>quam</span> <span class='ocrx_word' id='word_1_41' title='bbox 1078 901 1277 964; x_wconf 91' lang='lat' dir='ltr'>etiam</span> <span class='ocrx_word' id='word_1_42' title='bbox 1331 908 1719 964; x_wconf 71' lang='lat' dir='ltr'>nascentem</span> <span class='ocrx_word' id='word_1_43' title='bbox 1769 901 2100 983; x_wconf 87' lang='lat' dir='ltr'>exstingui</span> <span class='ocrx_word' id='word_1_44' title='bbox 2144 908 2402 964; x_wconf 69' lang='lat' dir='ltr'>summe</span> <span class='ocrx_word' id='word_1_45' title='bbox 2451 909 2580 963; x_wconf 89' lang='lat' dir='ltr'>stu-</span> 
     </span>
     <span class='ocr_line' id='line_1_12' title="bbox 481 1011 2579 1095; baseline 0 -22"><span class='ocrx_word' id='word_1_46' title='bbox 481 1011 609 1073; x_wconf 88' lang='lat' dir='ltr'>dui.</span> <span class='ocrx_word' id='word_1_47' title='bbox 707 1013 943 1095; x_wconf 90' lang='lat' dir='ltr'>Itaque</span> <span class='ocrx_word' id='word_1_48' title='bbox 969 1013 1036 1075; x_wconf 90' lang='lat' dir='ltr'>in</span> <span class='ocrx_word' id='word_1_49' title='bbox 1060 1012 1334 1076; x_wconf 70' lang='lat' dir='ltr'>victoria</span> <span class='ocrx_word' id='word_1_50' title='bbox 1367 1012 1655 1076; x_wconf 90' lang='lat' dir='ltr'>hominis</span> <span class='ocrx_word' id='word_1_51' title='bbox 1681 1012 2041 1076; x_wconf 69' lang='lat' dir='ltr'>necessarii</span> <span class='ocrx_word' id='word_1_52' title='bbox 2061 1032 2279 1095; x_wconf 91' lang='lat' dir='ltr'>neque</span> <span class='ocrx_word' id='word_1_53' title='bbox 2311 1011 2579 1075; x_wconf 74' lang='lat' dir='ltr'>honoris</span> 
     </span>
     <span class='ocr_line' id='line_1_13' title="bbox 481 1123 2580 1207; baseline 0 -21"><span class='ocrx_word' id='word_1_54' title='bbox 481 1143 698 1205; x_wconf 91' lang='lat' dir='ltr'>neque</span> <span class='ocrx_word' id='word_1_55' title='bbox 740 1125 1062 1206; x_wconf 70' lang='lat' dir='ltr'>pecuniae</span> <span class='ocrx_word' id='word_1_56' title='bbox 1105 1124 1456 1188; x_wconf 71' lang='lat' dir='ltr'>dulcedine</span> <span class='ocrx_word' id='word_1_57' title='bbox 1500 1146 1645 1187; x_wconf 90' lang='lat' dir='ltr'>sum</span> <span class='ocrx_word' id='word_1_58' title='bbox 1688 1133 1944 1207; x_wconf 93' lang='lat' dir='ltr'>captus,</span> <span class='ocrx_word' id='word_1_59' title='bbox 1987 1125 2225 1206; x_wconf 92' lang='lat' dir='ltr'>quibus</span> <span class='ocrx_word' id='word_1_60' title='bbox 2268 1123 2580 1206; x_wconf 86' lang='lat' dir='ltr'>praemiis</span> 
     </span>
     <span class='ocr_line' id='line_1_14' title="bbox 481 1235 2581 1320; baseline 0.001 -24"><span class='ocrx_word' id='word_1_61' title='bbox 481 1235 731 1317; x_wconf 81' lang='lat' dir='ltr'><strong>reliqui,</strong></span> <span class='ocrx_word' id='word_1_62' title='bbox 768 1236 987 1299; x_wconf 91' lang='lat' dir='ltr'>minus</span> <span class='ocrx_word' id='word_1_63' title='bbox 1018 1237 1198 1317; x_wconf 94' lang='lat' dir='ltr'>apud</span> <span class='ocrx_word' id='word_1_64' title='bbox 1229 1256 1381 1300; x_wconf 91' lang='lat' dir='ltr'>eum</span> <span class='ocrx_word' id='word_1_65' title='bbox 1420 1257 1621 1319; x_wconf 91' lang='lat' dir='ltr'>quam</span> <span class='ocrx_word' id='word_1_66' title='bbox 1663 1257 1792 1318; x_wconf 86' lang='lat' dir='ltr'>ego</span> <span class='ocrx_word' id='word_1_67' title='bbox 1834 1257 1985 1299; x_wconf 94' lang='lat' dir='ltr'>cum</span> <span class='ocrx_word' id='word_1_68' title='bbox 2027 1245 2321 1320; x_wconf 82' lang='lat' dir='ltr'><strong>possent,</strong></span> <span class='ocrx_word' id='word_1_69' title='bbox 2354 1235 2581 1299; x_wconf 89' lang='lat' dir='ltr'>immo-</span> 
     </span>
     <span class='ocr_line' id='line_1_15' title="bbox 482 1347 2579 1431; baseline 0.001 -23"><span class='ocrx_word' id='word_1_70' title='bbox 482 1347 711 1409; x_wconf 71' lang='lat' dir='ltr'>derate</span> <span class='ocrx_word' id='word_1_71' title='bbox 743 1361 896 1411; x_wconf 92' lang='lat' dir='ltr'>sunt</span> <span class='ocrx_word' id='word_1_72' title='bbox 927 1350 1134 1411; x_wconf 74' lang='lat' dir='ltr'>abusi.</span> <span class='ocrx_word' id='word_1_73' title='bbox 1228 1350 1458 1431; x_wconf 82' lang='lat' dir='ltr'><strong>Atque</strong></span> <span class='ocrx_word' id='word_1_74' title='bbox 1491 1348 1692 1412; x_wconf 91' lang='lat' dir='ltr'>etiam</span> <span class='ocrx_word' id='word_1_75' title='bbox 1724 1356 1830 1411; x_wconf 72' lang='lat' dir='ltr'>res</span> <span class='ocrx_word' id='word_1_76' title='bbox 1869 1348 2212 1411; x_wconf 72' lang='lat' dir='ltr'>familiaris</span> <span class='ocrx_word' id='word_1_77' title='bbox 2250 1367 2398 1411; x_wconf 92' lang='lat' dir='ltr'>mea</span> <span class='ocrx_word' id='word_1_78' title='bbox 2429 1348 2579 1429; x_wconf 70' lang='lat' dir='ltr'>lege</span> 
     </span>
     <span class='ocr_line' id='line_1_16' title="bbox 484 1460 2581 1543; baseline -0 -20"><span class='ocrx_word' id='word_1_79' title='bbox 484 1460 789 1523; x_wconf 87' lang='lat' dir='ltr'>Caesaris</span> <span class='ocrx_word' id='word_1_80' title='bbox 822 1460 1161 1523; x_wconf 73' lang='lat' dir='ltr'>deminuta</span> <span class='ocrx_word' id='word_1_81' title='bbox 1193 1470 1311 1537; x_wconf 91' lang='lat' dir='ltr'>est,</span> <span class='ocrx_word' id='word_1_82' title='bbox 1348 1460 1536 1524; x_wconf 74' lang='lat' dir='ltr'>cuius</span> <span class='ocrx_word' id='word_1_83' title='bbox 1577 1460 1904 1523; x_wconf 75' lang='lat' dir='ltr'>beneficio</span> <span class='ocrx_word' id='word_1_84' title='bbox 1941 1461 2239 1543; x_wconf 73' lang='lat' dir='ltr'>plerique</span> <span class='ocrx_word' id='word_1_85' title='bbox 2277 1470 2390 1543; x_wconf 88' lang='lat' dir='ltr'>qui</span> <span class='ocrx_word' id='word_1_86' title='bbox 2419 1460 2581 1525; x_wconf 89' lang='lat' dir='ltr'>Cae-</span> 
     </span>
     <span class='ocr_line' id='line_1_17' title="bbox 483 1571 2578 1636; baseline 0 -4"><span class='ocrx_word' id='word_1_87' title='bbox 483 1571 647 1633; x_wconf 89' lang='lat' dir='ltr'>saris</span> <span class='ocrx_word' id='word_1_88' title='bbox 692 1580 902 1634; x_wconf 91' lang='lat' dir='ltr'>morte</span> <span class='ocrx_word' id='word_1_89' title='bbox 944 1573 1274 1636; x_wconf 91' lang='lat' dir='ltr'>laetantur</span> <span class='ocrx_word' id='word_1_90' title='bbox 1315 1579 1779 1635; x_wconf 69' lang='lat' dir='ltr'>remanserunt</span> <span class='ocrx_word' id='word_1_91' title='bbox 1820 1572 1885 1634; x_wconf 93' lang='lat' dir='ltr'>in</span> <span class='ocrx_word' id='word_1_92' title='bbox 1929 1571 2212 1635; x_wconf 67' lang='lat' dir='ltr'>civitate.</span> <span class='ocrx_word' id='word_1_93' title='bbox 2308 1571 2578 1636; x_wconf 84' lang='lat' dir='ltr'>Civibus</span> 
     </span>
     <span class='ocr_line' id='line_1_18' title="bbox 480 1681 2573 1767; baseline 0 -23"><span class='ocrx_word' id='word_1_94' title='bbox 480 1681 672 1745; x_wconf 90' lang='lat' dir='ltr'>victis</span> <span class='ocrx_word' id='word_1_95' title='bbox 719 1693 791 1746; x_wconf 98' lang='lat' dir='ltr'>ut</span> <span class='ocrx_word' id='word_1_96' title='bbox 839 1692 1220 1765; x_wconf 75' lang='lat' dir='ltr'>parceretur</span> <span class='ocrx_word' id='word_1_97' title='bbox 1265 1692 1477 1767; x_wconf 73' lang='lat' dir='ltr'>aeque</span> <span class='ocrx_word' id='word_1_98' title='bbox 1523 1705 1600 1747; x_wconf 90' lang='lat' dir='ltr'>ac</span> <span class='ocrx_word' id='word_1_99' title='bbox 1650 1692 1771 1766; x_wconf 73' lang='lat' dir='ltr'>prc‘)</span> <span class='ocrx_word' id='word_1_100' title='bbox 1818 1692 1964 1747; x_wconf 70' lang='lat' dir='ltr'>mea</span> <span class='ocrx_word' id='word_1_101' title='bbox 2011 1685 2224 1746; x_wconf 79' lang='lat' dir='ltr'>salfite</span> <span class='ocrx_word' id='word_1_102' title='bbox 2265 1683 2573 1746; x_wconf 73' lang='lat' dir='ltr'>laboravi.</span> 
     </span>
     <span class='ocr_line' id='line_1_19' title="bbox 487 1794 2579 1879; baseline 0 -24"><span class='ocrx_word' id='word_1_103' title='bbox 487 1794 762 1857; x_wconf 92' lang='lat' dir='ltr'>Possum</span> <span class='ocrx_word' id='word_1_104' title='bbox 795 1796 1011 1877; x_wconf 86' lang='lat' dir='ltr'>igitur,</span> <span class='ocrx_word' id='word_1_105' title='bbox 1047 1807 1161 1879; x_wconf 87' lang='lat' dir='ltr'>qui</span> <span class='ocrx_word' id='word_1_106' title='bbox 1190 1807 1404 1860; x_wconf 88' lang='lat' dir='ltr'>omnis</span> <span class='ocrx_word' id='word_1_107' title='bbox 1436 1797 1758 1859; x_wconf 90' lang='lat' dir='ltr'>voluerim</span> <span class='ocrx_word' id='word_1_108' title='bbox 1791 1796 2155 1872; x_wconf 83' lang='lat' dir='ltr'>incolumiS‚</span> <span class='ocrx_word' id='word_1_109' title='bbox 2192 1816 2342 1858; x_wconf 91' lang='lat' dir='ltr'>eum</span> <span class='ocrx_word' id='word_1_110' title='bbox 2375 1803 2413 1857; x_wconf 71' lang='lat' dir='ltr'>a</span> <span class='ocrx_word' id='word_1_111' title='bbox 2445 1803 2579 1877; x_wconf 76' lang='lat' dir='ltr'>quo</span> 
     </span>
     <span class='ocr_line' id='line_1_20' title="bbox 481 1905 2576 1990; baseline 0.001 -23"><span class='ocrx_word' id='word_1_112' title='bbox 481 1905 549 1968; x_wconf 93' lang='lat' dir='ltr'>id</span> <span class='ocrx_word' id='word_1_113' title='bbox 581 1906 997 1987; x_wconf 69' lang='lat' dir='ltr'>impetratum</span> <span class='ocrx_word' id='word_1_114' title='bbox 1030 1918 1132 1971; x_wconf 94' lang='lat' dir='ltr'>est</span> <span class='ocrx_word' id='word_1_115' title='bbox 1162 1918 1417 1990; x_wconf 89' lang='lat' dir='ltr'>perisse</span> <span class='ocrx_word' id='word_1_116' title='bbox 1449 1916 1584 1971; x_wconf 73' lang='lat' dir='ltr'>non</span> <span class='ocrx_word' id='word_1_117' title='bbox 1618 1908 1964 1989; x_wconf 72' lang='lat' dir='ltr'>indignari,</span> <span class='ocrx_word' id='word_1_118' title='bbox 2001 1928 2152 1971; x_wconf 87' lang='lat' dir='ltr'>curn</span> <span class='ocrx_word' id='word_1_119' title='bbox 2186 1907 2576 1990; x_wconf 91' lang='lat' dir='ltr'>praesertim</span> 
     </span>
     <span class='ocr_line' id='line_1_21' title="bbox 481 2018 2578 2085; baseline 0 -5"><span class='ocrx_word' id='word_1_120' title='bbox 481 2018 656 2081; x_wconf 88' lang='lat' dir='ltr'>idern</span> <span class='ocrx_word' id='word_1_121' title='bbox 690 2020 989 2083; x_wconf 75' lang='lat' dir='ltr'>homines</span> <span class='ocrx_word' id='word_1_122' title='bbox 1023 2020 1115 2083; x_wconf 90' lang='lat' dir='ltr'>illi</span> <span class='ocrx_word' id='word_1_123' title='bbox 1146 2030 1211 2084; x_wconf 91' lang='lat' dir='ltr'>et</span> <span class='ocrx_word' id='word_1_124' title='bbox 1243 2021 1529 2085; x_wconf 90' lang='lat' dir='ltr'>invidiae</span> <span class='ocrx_word' id='word_1_125' title='bbox 1563 2030 1630 2084; x_wconf 94' lang='lat' dir='ltr'>et</span> <span class='ocrx_word' id='word_1_126' title='bbox 1669 2021 1865 2085; x_wconf 75' lang='lat' dir='ltr'>exitio</span> <span class='ocrx_word' id='word_1_127' title='bbox 1906 2019 2202 2084; x_wconf 83' lang='lat' dir='ltr'>fuerint?</span> <span class='ocrx_word' id='word_1_128' title='bbox 2295 2025 2310 2051; x_wconf 91' lang='lat'>‘</span> <span class='ocrx_word' id='word_1_129' title='bbox 2335 2020 2578 2082; x_wconf 74' lang='lat' dir='ltr'>Plecte-</span> 
     </span>
     <span class='ocr_line' id='line_1_22' title="bbox 482 2130 2577 2215; baseline 0 -22"><span class='ocrx_word' id='word_1_130' title='bbox 482 2130 569 2193; x_wconf 91' lang='lat' dir='ltr'>ris</span> <span class='ocrx_word' id='word_1_131' title='bbox 603 2134 802 2213; x_wconf 79' lang='lat' dir='ltr'>erg6,&#39;</span> <span class='ocrx_word' id='word_1_132' title='bbox 837 2133 1159 2215; x_wconf 90' lang='lat' dir='ltr'>inquiunt,</span> <span class='ocrx_word' id='word_1_133' title='bbox 1199 2138 1213 2164; x_wconf 90' lang='lat'>‘</span> <span class='ocrx_word' id='word_1_134' title='bbox 1234 2133 1550 2215; x_wconf 92' lang='lat' dir='ltr'>quoniam</span> <span class='ocrx_word' id='word_1_135' title='bbox 1583 2134 1836 2197; x_wconf 82' lang='lat' dir='ltr'>factum</span> <span class='ocrx_word' id='word_1_136' title='bbox 1869 2143 2170 2197; x_wconf 90' lang='lat' dir='ltr'>nostrum</span> <span class='ocrx_word' id='word_1_137' title='bbox 2201 2132 2577 2213; x_wconf 73' lang='lat' dir='ltr'>improbare</span> 
     </span>
     <span class='ocr_line' id='line_1_23' title="bbox 481 2230 2579 2325; baseline -0.002 -16"><span class='ocrx_word' id='word_1_138' title='bbox 481 2247 724 2309; x_wconf 59' lang='lat' dir='ltr'>audes)</span> <span class='ocrx_word' id='word_1_139' title='bbox 821 2230 880 2309; x_wconf 69' lang='lat' dir='ltr'>O</span> <span class='ocrx_word' id='word_1_140' title='bbox 925 2243 1304 2325; x_wconf 88' lang='lat' dir='ltr'>superbiam</span> <span class='ocrx_word' id='word_1_141' title='bbox 1350 2244 1733 2321; x_wconf 77' lang='lat' dir='ltr'>inauditam,</span> <span class='ocrx_word' id='word_1_142' title='bbox 1778 2245 1941 2308; x_wconf 72' lang='lat' dir='ltr'>alios</span> <span class='ocrx_word' id='word_1_143' title='bbox 1987 2247 2054 2307; x_wconf 91' lang='lat' dir='ltr'>in</span> <span class='ocrx_word' id='word_1_144' title='bbox 2101 2244 2398 2308; x_wconf 85' lang='lat' dir='ltr'>facinore</span> <span class='ocrx_word' id='word_1_145' title='bbox 2445 2244 2579 2324; x_wconf 74' lang='lat' dir='ltr'>glo-</span> 
     </span>
     <span class='ocr_line' id='line_1_24' title="bbox 480 2356 2575 2439; baseline -0 -19"><span class='ocrx_word' id='word_1_146' title='bbox 480 2360 649 2434; x_wconf 73' lang='lat' dir='ltr'>riari,</span> <span class='ocrx_word' id='word_1_147' title='bbox 691 2357 832 2419; x_wconf 90' lang='lat' dir='ltr'>aliis</span> <span class='ocrx_word' id='word_1_148' title='bbox 874 2364 959 2418; x_wconf 75' lang='lat' dir='ltr'>ne</span> <span class='ocrx_word' id='word_1_149' title='bbox 1001 2356 1223 2419; x_wconf 74' lang='lat' dir='ltr'>dolere</span> <span class='ocrx_word' id='word_1_150' title='bbox 1266 2357 1536 2439; x_wconf 92' lang='lat' dir='ltr'>quidem</span> <span class='ocrx_word' id='word_1_151' title='bbox 1578 2357 1904 2439; x_wconf 70' lang='lat' dir='ltr'>impunite</span> <span class='ocrx_word' id='word_1_152' title='bbox 1944 2357 2175 2420; x_wconf 71' lang='lat' dir='ltr'>licere!</span> <span class='ocrx_word' id='word_1_153' title='bbox 2268 2357 2368 2420; x_wconf 89' lang='lat' dir='ltr'>At</span> <span class='ocrx_word' id='word_1_154' title='bbox 2408 2356 2575 2419; x_wconf 92' lang='lat' dir='ltr'>haec</span> 
     </span>
     <span class='ocr_line' id='line_1_25' title="bbox 479 2469 2576 2550; baseline -0.001 -17"><span class='ocrx_word' id='word_1_155' title='bbox 479 2471 678 2533; x_wconf 91' lang='lat' dir='ltr'>etiam</span> <span class='ocrx_word' id='word_1_156' title='bbox 722 2479 927 2531; x_wconf 87' lang='lat' dir='ltr'>servis</span> <span class='ocrx_word' id='word_1_157' title='bbox 972 2488 1238 2549; x_wconf 86' lang='lat' dir='ltr'>semper</span> <span class='ocrx_word' id='word_1_158' title='bbox 1280 2470 1486 2532; x_wconf 90' lang='lat' dir='ltr'>libera</span> <span class='ocrx_word' id='word_1_159' title='bbox 1528 2471 1817 2546; x_wconf 73' lang='lat' dir='ltr'>fuerunt,</span> <span class='ocrx_word' id='word_1_160' title='bbox 1854 2479 1925 2532; x_wconf 94' lang='lat' dir='ltr'>ut</span> <span class='ocrx_word' id='word_1_161' title='bbox 1965 2470 2293 2544; x_wconf 71' lang='lat' dir='ltr'>timerent,</span> <span class='ocrx_word' id='word_1_162' title='bbox 2335 2469 2576 2550; x_wconf 72' lang='lat' dir='ltr'>gaude-</span> 
     </span>
     <span class='ocr_line' id='line_1_26' title="bbox 477 2581 2576 2665; baseline 0 -21"><span class='ocrx_word' id='word_1_163' title='bbox 477 2592 643 2658; x_wconf 88' lang='lat' dir='ltr'>rent,</span> <span class='ocrx_word' id='word_1_164' title='bbox 696 2581 994 2643; x_wconf 72' lang='lat' dir='ltr'>dolerent</span> <span class='ocrx_word' id='word_1_165' title='bbox 1048 2589 1168 2643; x_wconf 74' lang='lat' dir='ltr'>suo</span> <span class='ocrx_word' id='word_1_166' title='bbox 1218 2582 1439 2662; x_wconf 91' lang='lat' dir='ltr'>potius</span> <span class='ocrx_word' id='word_1_167' title='bbox 1495 2602 1692 2665; x_wconf 92' lang='lat' dir='ltr'>quam</span> <span class='ocrx_word' id='word_1_168' title='bbox 1744 2582 2015 2645; x_wconf 89' lang='lat' dir='ltr'>alterius</span> <span class='ocrx_word' id='word_1_169' title='bbox 2064 2581 2351 2657; x_wconf 73' lang='lat' dir='ltr'>arbitrio,</span> <span class='ocrx_word' id='word_1_170' title='bbox 2405 2601 2576 2663; x_wconf 91' lang='lat' dir='ltr'>quae</span> 
     </span>
     <span class='ocr_line' id='line_1_27' title="bbox 476 2691 2573 2774; baseline -0.001 -17"><span class='ocrx_word' id='word_1_171' title='bbox 476 2714 673 2769; x_wconf 91' lang='lat' dir='ltr'>nunc,</span> <span class='ocrx_word' id='word_1_172' title='bbox 721 2703 795 2755; x_wconf 93' lang='lat' dir='ltr'>ut</span> <span class='ocrx_word' id='word_1_173' title='bbox 840 2691 1106 2774; x_wconf 92' lang='lat' dir='ltr'>quidem</span> <span class='ocrx_word' id='word_1_174' title='bbox 1154 2692 1264 2755; x_wconf 86' lang='lat' dir='ltr'>isti</span> <span class='ocrx_word' id='word_1_175' title='bbox 1308 2693 1614 2756; x_wconf 87' lang='lat' dir='ltr'>dictitant</span> <span class='ocrx_word' id='word_1_176' title='bbox 1658 2693 1979 2757; x_wconf 71' lang='lat' dir='ltr'>libertatis</span> <span class='ocrx_word' id='word_1_177' title='bbox 2025 2700 2346 2769; x_wconf 73' lang='lat' dir='ltr'>auctoreS,</span> <span class='ocrx_word' id='word_1_178' title='bbox 2391 2700 2573 2755; x_wconf 71' lang='lat' dir='ltr'>metri</span> 
     </span>
     <span class='ocr_line' id='line_1_28' title="bbox 476 2804 2575 2886; baseline -0 -18"><span class='ocrx_word' id='word_1_179' title='bbox 476 2805 666 2868; x_wconf 73' lang='lat' dir='ltr'>nobis</span> <span class='ocrx_word' id='word_1_180' title='bbox 713 2811 1101 2886; x_wconf 74' lang='lat' dir='ltr'>extorquere</span> <span class='ocrx_word' id='word_1_181' title='bbox 1149 2812 1493 2867; x_wconf 73' lang='lat' dir='ltr'>conantur.</span> <span class='ocrx_word' id='word_1_182' title='bbox 1590 2806 1726 2871; x_wconf 87' lang='lat' dir='ltr'>Sed</span> <span class='ocrx_word' id='word_1_183' title='bbox 1771 2805 1936 2869; x_wconf 93' lang='lat' dir='ltr'>nihil</span> <span class='ocrx_word' id='word_1_184' title='bbox 1982 2814 2209 2886; x_wconf 85' lang='lat' dir='ltr'>agunt.</span> <span class='ocrx_word' id='word_1_185' title='bbox 2307 2804 2575 2868; x_wconf 79' lang='lat' dir='ltr'>Nfillius</span> 
     </span>
     <span class='ocr_line' id='line_1_29' title="bbox 477 2916 2574 2999; baseline -0.001 -19"><span class='ocrx_word' id='word_1_186' title='bbox 477 2937 791 2999; x_wconf 90' lang='lat' dir='ltr'>umquam</span> <span class='ocrx_word' id='word_1_187' title='bbox 823 2916 1103 2998; x_wconf 86' lang='lat' dir='ltr'>periculi</span> <span class='ocrx_word' id='word_1_188' title='bbox 1131 2917 1490 2980; x_wconf 72' lang='lat' dir='ltr'>terroribus</span> <span class='ocrx_word' id='word_1_189' title='bbox 1522 2917 1607 2981; x_wconf 90' lang='lat' dir='ltr'>ab</span> <span class='ocrx_word' id='word_1_190' title='bbox 1639 2916 1857 2980; x_wconf 72' lang='lat' dir='ltr'>officio</span> <span class='ocrx_word' id='word_1_191' title='bbox 1887 2926 2002 2980; x_wconf 90' lang='lat' dir='ltr'>aut</span> <span class='ocrx_word' id='word_1_192' title='bbox 2032 2916 2116 2979; x_wconf 91' lang='lat' dir='ltr'>ab</span> <span class='ocrx_word' id='word_1_193' title='bbox 2161 2916 2574 2979; x_wconf 71' lang='lat' dir='ltr'>humanitate</span> 
     </span>
    </p>
   </div>
   <div class='ocr_carea' id='block_1_8' title="bbox 442 3113 2567 3200">
    <p class='ocr_par' dir='ltr' id='par_1_8' title="bbox 442 3113 2567 3200">
     <span class='ocr_line' id='line_1_30' title="bbox 442 3113 2567 3200; baseline 0 -20"><span class='ocrx_word' id='word_1_194' title='bbox 442 3195 447 3200; x_wconf 18' lang='grc' dir='ltr'>ἡ</span> <span class='ocrx_word' id='word_1_195' title='bbox 482 3145 553 3194; x_wconf 90' lang='lat'>19.</span> <span class='ocrx_word' id='word_1_196' title='bbox 600 3132 839 3197; x_wconf 78' lang='lat' dir='ltr'>gradum,</span> <span class='ocrx_word' id='word_1_197' title='bbox 884 3132 1063 3196; x_wconf 65' lang='lat' dir='ltr'>hezgrlzt.</span> <span class='ocrx_word' id='word_1_198' title='bbox 1170 3145 1249 3181; x_wconf 87' lang='lat'>21.</span> <span class='ocrx_word' id='word_1_199' title='bbox 1301 3146 1372 3193; x_wconf 86' lang='lat' dir='ltr'>re,</span> <span class='ocrx_word' id='word_1_200' title='bbox 1421 3134 1503 3182; x_wconf 75' lang='lat' dir='ltr'>his</span> <span class='ocrx_word' id='word_1_201' title='bbox 1553 3113 1815 3198; x_wconf 84' lang='lat' dir='ltr'>conspired</span> <span class='ocrx_word' id='word_1_202' title='bbox 1856 3139 1908 3181; x_wconf 90' lang='lat' dir='ltr'>to</span> <span class='ocrx_word' id='word_1_203' title='bbox 1953 3133 2152 3182; x_wconf 86' lang='lat' dir='ltr'>murder</span> <span class='ocrx_word' id='word_1_204' title='bbox 2190 3132 2296 3181; x_wconf 88' lang='lat' dir='ltr'>him</span> <span class='ocrx_word' id='word_1_205' title='bbox 2338 3132 2567 3196; x_wconf 82' lang='lat' dir='ltr'>(exitio).</span> 
     </span>
    </p>
   </div>
   <div class='ocr_carea' id='block_1_9' title="bbox 473 3215 2576 3778">
    <p class='ocr_par' dir='ltr' id='par_1_9' title="bbox 473 3215 2576 3778">
     <span class='ocr_line' id='line_1_31' title="bbox 474 3215 2568 3281; baseline 0 -18"><span class='ocrx_word' id='word_1_206' title='bbox 474 3217 656 3264; x_wconf 84' lang='lat' dir='ltr'>action.</span> <span class='ocrx_word' id='word_1_207' title='bbox 780 3227 857 3277; x_wconf 86' lang='lat'>23.</span> <span class='ocrx_word' id='word_1_208' title='bbox 937 3227 1165 3274; x_wconf 84' lang='lat' dir='ltr'>summe,</span> <span class='ocrx_word' id='word_1_209' title='bbox 1242 3216 1492 3279; x_wconf 82' lang='lat' dir='ltr'>zealously.</span> <span class='ocrx_word' id='word_1_210' title='bbox 1550 3215 1905 3274; x_wconf 76' lang='lat' dir='ltr'>—Plecteri8,</span> <span class='ocrx_word' id='word_1_211' title='bbox 1928 3231 2034 3279; x_wconf 85' lang='lat' dir='ltr'>you</span> <span class='ocrx_word' id='word_1_212' title='bbox 2063 3215 2196 3263; x_wconf 75' lang='lat' dir='ltr'>shall</span> <span class='ocrx_word' id='word_1_213' title='bbox 2217 3223 2381 3263; x_wconf 85' lang='lat' dir='ltr'>smart</span> <span class='ocrx_word' id='word_1_214' title='bbox 2396 3216 2491 3281; x_wconf 88' lang='lat' dir='ltr'>sor</span> <span class='ocrx_word' id='word_1_215' title='bbox 2515 3217 2568 3263; x_wconf 82' lang='lat' dir='ltr'>it.</span> 
     </span>
     <span class='ocr_line' id='line_1_32' title="bbox 477 3297 2574 3363; baseline 0 -17"><span class='ocrx_word' id='word_1_216' title='bbox 477 3310 553 3362; x_wconf 91' lang='lat'>27.</span> <span class='ocrx_word' id='word_1_217' title='bbox 605 3297 760 3362; x_wconf 82' lang='lat' dir='ltr'>lege:</span> <span class='ocrx_word' id='word_1_218' title='bbox 819 3297 919 3346; x_wconf 87' lang='lat' dir='ltr'>this</span> <span class='ocrx_word' id='word_1_219' title='bbox 970 3298 1229 3360; x_wconf 87' lang='lat' dir='ltr'>regulated</span> <span class='ocrx_word' id='word_1_220' title='bbox 1280 3299 1366 3347; x_wconf 89' lang='lat' dir='ltr'>the</span> <span class='ocrx_word' id='word_1_221' title='bbox 1424 3299 1497 3346; x_wconf 90' lang='lat' dir='ltr'>in·</span> <span class='ocrx_word' id='word_1_222' title='bbox 1552 3300 1628 3361; x_wconf 90' lang='lat'>36.</span> <span class='ocrx_word' id='word_1_223' title='bbox 1655 3297 2246 3363; x_wconf 81' lang='lat' dir='ltr'>impunite,=impune.</span> <span class='ocrx_word' id='word_1_224' title='bbox 2305 3312 2383 3361; x_wconf 88' lang='lat'>39.</span> <span class='ocrx_word' id='word_1_225' title='bbox 2413 3298 2505 3348; x_wconf 86' lang='lat' dir='ltr'>ut.</span> <span class='ocrx_word' id='word_1_226' title='bbox 2528 3334 2574 3346; x_wconf 87' lang='lat'>..</span> 
     </span>
     <span class='ocr_line' id='line_1_33' title="bbox 473 3379 2576 3446; baseline 0 -18"><span class='ocrx_word' id='word_1_227' title='bbox 473 3386 720 3429; x_wconf 88' lang='lat' dir='ltr'>vestment</span> <span class='ocrx_word' id='word_1_228' title='bbox 754 3380 811 3429; x_wconf 94' lang='lat' dir='ltr'>of</span> <span class='ocrx_word' id='word_1_229' title='bbox 841 3380 1039 3444; x_wconf 82' lang='lat' dir='ltr'>capital.</span> <span class='ocrx_word' id='word_1_230' title='bbox 1110 3379 1188 3429; x_wconf 87' lang='lat'>28.</span> <span class='ocrx_word' id='word_1_231' title='bbox 1223 3380 1392 3440; x_wconf 74' lang='lat' dir='ltr'>cuiue,</span> <span class='ocrx_word' id='word_1_232' title='bbox 1423 3396 1493 3429; x_wconf 91' lang='lat' dir='ltr'>sc.</span> <span class='ocrx_word' id='word_1_233' title='bbox 1549 3381 1826 3440; x_wconf 78' lang='lat' dir='ltr'>dictitant,</span> <span class='ocrx_word' id='word_1_234' title='bbox 1860 3388 1907 3429; x_wconf 87' lang='lat' dir='ltr'>to</span> <span class='ocrx_word' id='word_1_235' title='bbox 1931 3381 2093 3446; x_wconf 81' lang='lat' dir='ltr'>judge</span> <span class='ocrx_word' id='word_1_236' title='bbox 2118 3382 2264 3446; x_wconf 86' lang='lat' dir='ltr'>from</span> <span class='ocrx_word' id='word_1_237' title='bbox 2300 3381 2439 3428; x_wconf 76' lang='lat' dir='ltr'>what</span> <span class='ocrx_word' id='word_1_238' title='bbox 2466 3380 2576 3443; x_wconf 74' lang='lat' dir='ltr'>they</span> 
     </span>
     <span class='ocr_line' id='line_1_34' title="bbox 473 3462 2574 3528; baseline 0 -17"><span class='ocrx_word' id='word_1_239' title='bbox 473 3464 608 3526; x_wconf 74' lang='lat' dir='ltr'>legis.</span> <span class='ocrx_word' id='word_1_240' title='bbox 699 3475 777 3525; x_wconf 86' lang='lat'>33.</span> <span class='ocrx_word' id='word_1_241' title='bbox 830 3462 932 3522; x_wconf 89' lang='lat' dir='ltr'>illi,</span> <span class='ocrx_word' id='word_1_242' title='bbox 978 3463 1058 3513; x_wconf 90' lang='lat' dir='ltr'>i.e.</span> <span class='ocrx_word' id='word_1_243' title='bbox 1113 3464 1324 3511; x_wconf 81' lang='lat' dir='ltr'>Caesari</span> <span class='ocrx_word' id='word_1_244' title='bbox 1338 3479 1362 3520; x_wconf 86' lang='lat'>‚·</span> <span class='ocrx_word' id='word_1_245' title='bbox 1410 3464 1496 3512; x_wconf 91' lang='lat' dir='ltr'>the</span> <span class='ocrx_word' id='word_1_246' title='bbox 1549 3464 1908 3528; x_wconf 81' lang='lat' dir='ltr'>say.—metu‚</span> <span class='ocrx_word' id='word_1_247' title='bbox 1935 3464 2308 3512; x_wconf 82' lang='lat' dir='ltr'>intimidation.</span> <span class='ocrx_word' id='word_1_248' title='bbox 2380 3476 2459 3523; x_wconf 88' lang='lat'>40.</span> <span class='ocrx_word' id='word_1_249' title='bbox 2494 3462 2574 3511; x_wconf 90' lang='lat' dir='ltr'>ni·</span> 
     </span>
     <span class='ocr_line' id='line_1_35' title="bbox 474 3545 2576 3613; baseline 0 -22"><span class='ocrx_word' id='word_1_250' title='bbox 474 3560 589 3607; x_wconf 88' lang='lat' dir='ltr'>very</span> <span class='ocrx_word' id='word_1_251' title='bbox 623 3561 738 3593; x_wconf 90' lang='lat' dir='ltr'>men</span> <span class='ocrx_word' id='word_1_252' title='bbox 773 3545 942 3594; x_wconf 90' lang='lat' dir='ltr'>whose</span> <span class='ocrx_word' id='word_1_253' title='bbox 978 3551 1247 3594; x_wconf 80' lang='lat' dir='ltr'>treatment</span> <span class='ocrx_word' id='word_1_254' title='bbox 1284 3552 1334 3594; x_wconf 88' lang='lat' dir='ltr'>at</span> <span class='ocrx_word' id='word_1_255' title='bbox 1371 3546 1495 3594; x_wconf 88' lang='lat' dir='ltr'>Cae·</span> <span class='ocrx_word' id='word_1_256' title='bbox 1548 3545 1629 3597; x_wconf 86' lang='lat' dir='ltr'>hil</span> <span class='ocrx_word' id='word_1_257' title='bbox 1661 3546 1849 3611; x_wconf 85' lang='lat' dir='ltr'>agunt,</span> <span class='ocrx_word' id='word_1_258' title='bbox 1885 3547 1993 3610; x_wconf 81' lang='lat' dir='ltr'>they</span> <span class='ocrx_word' id='word_1_259' title='bbox 2026 3549 2161 3613; x_wconf 85' lang='lat' dir='ltr'>effect</span> <span class='ocrx_word' id='word_1_260' title='bbox 2191 3546 2413 3610; x_wconf 76' lang='lat' dir='ltr'>nothing,</span> <span class='ocrx_word' id='word_1_261' title='bbox 2450 3546 2496 3593; x_wconf 79' lang='lat' dir='ltr'>it</span> <span class='ocrx_word' id='word_1_262' title='bbox 2532 3546 2576 3593; x_wconf 84' lang='lat' dir='ltr'>is</span> 
     </span>
     <span class='ocr_line' id='line_1_36' title="bbox 474 3626 2575 3694; baseline 0.001 -19"><span class='ocrx_word' id='word_1_263' title='bbox 474 3628 594 3676; x_wconf 86' lang='lat' dir='ltr'>sar&#39;s</span> <span class='ocrx_word' id='word_1_264' title='bbox 624 3628 787 3677; x_wconf 84' lang='lat' dir='ltr'>hands</span> <span class='ocrx_word' id='word_1_265' title='bbox 817 3629 918 3677; x_wconf 88' lang='lat' dir='ltr'>had</span> <span class='ocrx_word' id='word_1_266' title='bbox 951 3631 1098 3677; x_wconf 86' lang='lat' dir='ltr'>made</span> <span class='ocrx_word' id='word_1_267' title='bbox 1131 3628 1233 3676; x_wconf 88' lang='lat' dir='ltr'>him</span> <span class='ocrx_word' id='word_1_268' title='bbox 1268 3644 1495 3692; x_wconf 89' lang='lat' dir='ltr'>unpopu·</span> <span class='ocrx_word' id='word_1_269' title='bbox 1548 3629 1611 3694; x_wconf 87' lang='lat' dir='ltr'>of</span> <span class='ocrx_word' id='word_1_270' title='bbox 1652 3646 1717 3677; x_wconf 86' lang='lat' dir='ltr'>no</span> <span class='ocrx_word' id='word_1_271' title='bbox 1767 3646 1861 3677; x_wconf 85' lang='lat' dir='ltr'>use.</span> <span class='ocrx_word' id='word_1_272' title='bbox 1963 3643 2043 3690; x_wconf 84' lang='lat'>41.</span> <span class='ocrx_word' id='word_1_273' title='bbox 2092 3629 2161 3679; x_wconf 83' lang='lat' dir='ltr'>ab</span> <span class='ocrx_word' id='word_1_274' title='bbox 2210 3666 2220 3677; x_wconf 94' lang='lat'>.</span> <span class='ocrx_word' id='word_1_275' title='bbox 2275 3665 2287 3678; x_wconf 85' lang='lat'><strong>.</strong></span> <span class='ocrx_word' id='word_1_276' title='bbox 2340 3664 2352 3676; x_wconf 88' lang='lat'>.</span> <span class='ocrx_word' id='word_1_277' title='bbox 2404 3626 2575 3679; x_wconf 79' lang='lat' dir='ltr'>desci-</span> 
     </span>
     <span class='ocr_line' id='line_1_37' title="bbox 473 3709 2571 3778; baseline 0.001 -21"><span class='ocrx_word' id='word_1_278' title='bbox 473 3709 547 3759; x_wconf 85' lang='lat' dir='ltr'>lar</span> <span class='ocrx_word' id='word_1_279' title='bbox 561 3710 679 3759; x_wconf 82' lang='lat' dir='ltr'>with</span> <span class='ocrx_word' id='word_1_280' title='bbox 702 3711 781 3759; x_wconf 87' lang='lat' dir='ltr'>his</span> <span class='ocrx_word' id='word_1_281' title='bbox 805 3727 916 3759; x_wconf 89' lang='lat' dir='ltr'>own</span> <span class='ocrx_word' id='word_1_282' title='bbox 936 3711 1182 3760; x_wconf 83' lang='lat' dir='ltr'>followers</span> <span class='ocrx_word' id='word_1_283' title='bbox 1205 3710 1497 3776; x_wconf 83' lang='lat' dir='ltr'>(invidiae)</span> <span class='ocrx_word' id='word_1_284' title='bbox 1548 3723 1712 3772; x_wconf 78' lang='lat' dir='ltr'>scam,</span> <span class='ocrx_word' id='word_1_285' title='bbox 1767 3727 1953 3760; x_wconf 84' lang='lat' dir='ltr'>swerve</span> <span class='ocrx_word' id='word_1_286' title='bbox 1994 3714 2141 3778; x_wconf 82' lang='lat' dir='ltr'>fi·om</span> <span class='ocrx_word' id='word_1_287' title='bbox 2199 3713 2276 3760; x_wconf 76' lang='lat' dir='ltr'>tlte</span> <span class='ocrx_word' id='word_1_288' title='bbox 2321 3711 2448 3776; x_wconf 76' lang='lat' dir='ltr'>path</span> <span class='ocrx_word' id='word_1_289' title='bbox 2503 3711 2571 3778; x_wconf 88' lang='lat' dir='ltr'>⁰f·</span> 
     </span>
    </p>
   </div>
  </div>
 </body>
</html>
