2950 4150
659 273 883 323 REPLY
925 274 1018 323 TO
1061 273 1210 322 THE
1257 273 1529 321 LETTER
1574 273 1664 322 OF
1708 272 2195 323 CONDOLENCE.
2393 277 2476 343 77

369 447 573 522 tebat,
600 447 797 510 facile
831 457 1185 511 contentus
1217 448 1484 511 futurus
1517 456 1677 523 erat,
1707 448 2164 511 accommodet
2194 448 2279 511 ad
2313 468 2475 511 mer-

370 559 569 622 cedes
601 560 891 641 Argileti
932 569 997 622 et
1036 561 1395 637 Aventini;
1446 570 1514 623 et
1556 581 1707 624 cum
1750 570 1813 623 ei
1854 560 2295 641 preposueriS,
2331 561 2475 642 ipse

370 671 570 734 velim
612 672 866 753 reliqua
907 672 1268 748 moderere,
1305 693 1503 754 quem
1548 673 1632 735 ad
1676 672 1945 745 modum
1988 692 2068 734 ex
2112 672 2189 734 iis
2233 681 2476 736 merce-

372 783 566 846 dibus
616 783 1122 865 suppeditemus
1172 793 1235 846 ei
1282 784 1460 866 quod
1512 805 1681 866 opus
1732 784 1831 847 sit.
1946 785 2305 848 Praestebe
2350 805 2473 848 nec
2523 816 2580 846 20

375 896 685 958 Bibulum
739 916 862 959 nec
917 896 1276 959 Acidinum
1332 916 1455 959 nec
1510 896 1916 972 Messallam,
1969 904 2134 978 ques
2183 896 2474 959 Athenis

372 1008 634 1070 futfires
677 1007 891 1083 audie,
927 1008 1211 1071 meieres
1250 1016 1561 1089 sfimptfls
1602 1010 1901 1072 factfires
1944 1028 2141 1091 quam
2184 1009 2360 1091 quod
2393 1028 2475 1071 ex

373 1120 450 1182 iis
483 1120 897 1183 mercedibus
941 1121 1309 1201 recipietur.
1409 1122 1645 1203 Itaque
1677 1119 1875 1183 velim
1917 1120 2144 1183 videes
2186 1130 2471 1203 primum

373 1233 810 1296 conducteres
858 1243 973 1314 qui
1021 1233 1152 1296 sint
1201 1242 1266 1296 et
1318 1242 1568 1315 quanti,
1621 1218 1862 1296 deinde
1913 1242 1985 1295 ut
2034 1232 2168 1295 sint
2221 1242 2335 1314 qui
2387 1233 2472 1296 ad

372 1345 547 1407 diem
591 1345 871 1421 solvant,
913 1355 979 1407 et
1022 1344 1181 1426 quid
1223 1344 1461 1421 vietici,
1500 1344 1658 1428 quid
1698 1353 2125 1408 instrumenti
2164 1344 2325 1408 satis
2366 1345 2467 1408 sit.
2521 1368 2576 1413 25

376 1458 687 1520 Iiimente
718 1465 896 1521 certe
928 1458 1221 1520 Athenis
1260 1457 1424 1520 nihil
1457 1478 1627 1540 opus
1659 1458 1784 1521 erit
1804 1479 1818 1534 3
1868 1457 2108 1540 quibus
2146 1468 2365 1521 autem
2403 1457 2471 1520 in

371 1570 477 1632 vie
510 1577 751 1646 Utatur,
787 1571 969 1633 domi
1000 1579 1156 1633 sunt
1186 1570 1381 1652 plfira
1412 1591 1613 1653 quam
1652 1590 1820 1653 opus
1857 1579 2019 1646 erat,
2055 1570 2233 1652 quod
2270 1570 2469 1633 etiam

371 1689 441 1744 tu
476 1681 965 1745 animadvertis,

452 1891 857 1955 XXXVIII.
972 1892 1284 1955 REPLY
1348 1892 1474 1957 TO
1544 1891 1744 1955 THE
1814 1891 2194 1955 LETTER
2262 1890 2389 1955 OF

835 2004 1498 2070 CONDOLENCE
1555 2001 1769 2089 (Fam.
1811 2022 1871 2083 4.
1912 2003 2002 2090 6).

884 2159 970 2209 M.
1013 2158 1227 2208 cicere
1263 2158 1326 2208 Β.
1366 2158 1436 2207 D.
1480 2157 1608 2208 Ser.
1650 2158 1944 2219 Sulpicio.

460 2293 606 2374 Ego
637 2298 813 2368 vere,
851 2293 1056 2368 Servi,
1091 2293 1348 2368 vellem,
1386 2302 1456 2355 ut
1488 2292 1737 2369 scribiS,
1773 2292 1840 2353 in
1884 2299 2035 2354 mee
2074 2290 2470 2372 gravissime

367 2412 525 2468 cessi
575 2405 921 2468 adfuisses,
1021 2406 1362 2488 Quantum
1410 2405 1589 2468 enim
1637 2412 1956 2487 praesens
2003 2411 2108 2465 me
2155 2403 2467 2467 adiuvere

367 2518 661 2599 potueris
712 2526 778 2579 et
832 2517 1237 2581 censelande
1285 2527 1352 2580 et
1402 2537 1613 2599 prope
1667 2524 1878 2599 aeque
1931 2514 2220 2579 dolende
2271 2516 2468 2579 facile

366 2649 448 2692 ex
479 2638 558 2692 ee
590 2629 924 2710 intellego,
961 2630 1139 2712 quod
1177 2629 1411 2692 litteris
1455 2629 1641 2692 lectis
1684 2629 2097 2711 aliquantum
2140 2628 2463 2710 adquievi.
2505 2621 2512 2627 ’

369 2742 545 2803 Nam
594 2751 660 2804 et
697 2761 777 2804 ea
820 2743 1140 2823 scripsisti
1176 2762 1347 2824 quae
1393 2742 1619 2804 levere
1661 2741 1912 2804 liictum
1957 2749 2250 2823 possent,
2293 2750 2361 2803 et
2400 2740 2467 2803 in
2515 2760 2542 2808 5

367 2861 473 2916 me
510 2854 916 2917 censelande
957 2863 1090 2916 nen
1133 2854 1536 2918 mediocrem
1577 2854 1723 2936 ipse
1769 2852 1973 2917 animi
2016 2851 2312 2916 dolerem
2361 2852 2469 2915 ad-

365 2966 653 3029 hibuisti.
750 2967 1019 3031 Servius
1064 2976 1289 3029 tamen
1337 2977 1492 3029 tuus
1540 2966 1846 3030 omnibus
1889 2964 2121 3029 officiis
2163 2985 2332 3048 quae
2375 2965 2470 3028 illi

362 3088 650 3160 tempori
694 3079 894 3142 tribui
939 3086 1298 3161 potuerunt
1346 3078 1709 3142 declaravit
1762 3088 1831 3141 et
1879 3087 2112 3161 quanti
2162 3078 2306 3159 ipse
2361 3085 2468 3139 me

362 3226 594 3287 duceret,
622 3244 752 3276 were
775 3229 997 3291 renting.
1085 3240 1158 3292 17.
1194 3240 1388 3278 merce·
1441 3226 1557 3286 tici,
1572 3227 1940 3293 allowancefhr
1953 3227 2213 3290 traveling
2223 3234 2465 3290 expenses.

362 3308 474 3368 des,
516 3317 667 3369 rents,
710 3311 935 3367 income,·
987 3310 1164 3359 Cicero
1210 3312 1389 3359 owned
1441 3307 1885 3368 —instrumenti,
1901 3310 2054 3374 oufit.
2102 3308 2180 3358 26.
2204 3307 2467 3366 IumentO,

363 3398 621 3441 tenement
666 3393 850 3442 houses
894 3409 951 3442 or
995 3394 1149 3457 shops
1195 3409 1262 3441 on
1303 3393 1389 3441 the
1441 3409 1473 3441 a
1499 3393 1751 3457 carriage.

361 3475 615 3524 Aventine
651 3477 751 3524 and
786 3476 837 3523 in
869 3476 956 3524 the
995 3483 1194 3540 quarter
1226 3476 1386 3525 called
1529 3475 1832 3524 XXXVIII.
1887 3489 1935 3535 4.
1982 3473 2330 3538 aliquantum
2373 3473 2467 3524 ad-

360 3559 665 3622 Argiletum.
711 3571 786 3620 19.
811 3558 1095 3616 moderere,
1104 3574 1210 3621 you
1226 3559 1398 3606 would
1440 3556 1641 3621 quievi,
1693 3559 1732 3605 J
1772 3557 1900 3606 have
1941 3557 2126 3622 found
2166 3572 2295 3605 some
2345 3557 2468 3605 little

363 3656 593 3705 manage.
669 3653 747 3701 24.
784 3640 1143 3698 conductores,
1169 3646 1381 3688 tenants.
1442 3641 1603 3705 relies:
1704 3639 1750 3688 8.
1803 3638 1999 3705 quanti
2045 3675 2057 3688 .
2109 3676 2120 3687 .
2175 3675 2186 3687 .
2240 3637 2461 3699 faceret,

360 3722 655 3789 ——quanti,
685 3739 800 3788 gen.
829 3723 889 3771 of
914 3724 1068 3791 price.
1161 3734 1238 3788 25.
1273 3721 1387 3772 via-
1438 3723 1548 3770 how
1579 3722 1749 3786 highly
1779 3724 1840 3770 he
1871 3722 2083 3787 himself
2108 3721 2343 3770 esteemed
2374 3737 2465 3769 me.
