2950 4150
891 249 941 297 A
986 248 1257 297 LETTER
1301 248 1392 297 OF
1435 248 1920 298 CONDOLENCE.
2375 254 2448 319 71

358 432 483 505 qui,
534 431 592 485 si
636 422 783 485 istic
832 422 1217 497 adfuissem,
1262 441 1481 504 neque
1527 423 1647 485 tibi
1692 423 2055 486 defuissem
2102 433 2456 507 coramque
2501 460 2510 469 ·

358 555 575 598 meum
623 534 922 597 dolorem
967 533 1086 597 tibi
1132 533 1594 597 declarassem.
1693 536 1839 598 Etsi
1882 555 2097 617 genus
2141 538 2266 599 hoc
2308 545 2458 600 con·
2503 558 2530 605 5

357 646 695 711 solationis
743 646 1054 709 miserum
1105 655 1304 728 atque
1360 646 1672 710 acerbum
1728 656 1846 723 est,
1899 656 2249 731 propterea
2303 649 2458 731 quia

357 781 473 841 per
519 767 688 841 quos
730 779 811 821 ea
857 759 1130 821 confieri
1174 758 1376 821 debet
1421 759 1835 842 propinquos
1882 779 1959 823 ac
2005 761 2369 837 familiaris,
2415 761 2460 824 ii

354 873 483 953 ipsi
530 880 676 953 pari
721 870 1023 933 molestia
1072 869 1470 934 adficiuntur
1516 891 1731 954 neque
1782 872 1923 935 sine
1970 872 2257 936 lacrimis
2298 874 2458 936 mul-

355 993 437 1046 tis
484 984 552 1046 id
599 990 825 1046 conari
870 992 1170 1065 possunt,
1216 992 1312 1045 uti
1357 983 1571 1065 magis
1618 983 1745 1066 ipsi
1790 984 2139 1047 videantur
2180 985 2455 1048 aliorum

355 1095 806 1159 consolatione
861 1095 1159 1177 indigere
1210 1116 1409 1177 quam
1465 1095 1607 1158 aliis
1663 1116 1859 1177 posse
1922 1116 2111 1159 suurn
2168 1097 2456 1166 officium
2509 1124 2562 1156 10

357 1216 716 1290 praestare,
767 1217 994 1270 tamen
1050 1227 1220 1289 quae
1275 1208 1342 1270 in
1399 1208 1779 1290 praesentia
1826 1208 1894 1270 in
1949 1218 2239 1271 mentem
2297 1209 2459 1272 mihi

354 1329 682 1384 venerunt
729 1321 995 1383 decrevi
1039 1320 1226 1382 brevi
1271 1320 1356 1383 ad
1404 1328 1472 1383 te
1528 1320 1955 1402 perscribere,
2005 1329 2138 1384 non
2192 1329 2326 1403 quo
2378 1343 2458 1385 ea

356 1442 421 1497 te
466 1434 706 1515 fugere
752 1432 1139 1508 existimem,
1189 1432 1308 1495 sed
1354 1433 1532 1515 quod
1581 1432 1863 1496 forsitan
1912 1433 2137 1497 dolore
2188 1433 2459 1516 impedi-

357 1557 462 1608 tus
511 1546 729 1608 minus
777 1565 857 1607 ea
904 1543 1284 1626 perspicias,
1402 1544 1584 1627 Quid
1636 1555 1739 1608 est
1786 1546 1962 1627 quod
2015 1554 2204 1608 tanto
2256 1566 2457 1627 opere

358 1666 422 1720 te
469 1666 887 1722 commoveat
931 1666 1087 1719 tuus
1133 1656 1322 1720 dolor
1365 1656 1770 1719 intestinus?
1864 1656 2100 1738 Cogita
2137 1676 2334 1739 quem
2372 1657 2458 1721 ad
2509 1682 2562 1728 15

359 1770 628 1833 modum
706 1770 926 1832 adhuc
987 1770 1261 1832 fortuna
1325 1769 1675 1832 nobiscum
1737 1769 1963 1850 egerit.
2106 1770 2206 1832 Ea
2265 1769 2458 1833 nobis

359 1891 589 1964 erepta
648 1902 796 1945 esse
858 1901 1029 1963 quae
1093 1881 1472 1944 hominibus
1535 1889 1669 1944 non
1730 1881 1949 1944 minus
2010 1902 2209 1964 quam
2272 1882 2460 1945 liberi

359 2002 511 2058 cara
558 2014 706 2058 esse
753 1994 1015 2069 debent,
1064 1993 1365 2076 patriam,
1407 1995 1846 2070 honestatem,
1891 1994 2301 2077 dignitatem,
2350 1995 2458 2058 ho-

358 2116 552 2171 nores
613 2117 846 2171 omniS.
973 2108 1124 2170 Hoc
1187 2115 1322 2171 fino
1381 2107 1806 2171 incommodo
1866 2109 2094 2171 addito
2153 2109 2312 2191 quid
2373 2110 2456 2172 ad

356 2221 649 2284 dolorem
706 2219 980 2301 adiungi
1032 2219 1288 2302 potuit?
1407 2220 1551 2282 Aut
1600 2230 1716 2301 quT
1767 2228 1901 2283 non
1956 2220 2023 2283 in
2077 2221 2204 2284 illis
2259 2222 2457 2284 rebus
2506 2248 2563 2278 20

356 2332 751 2395 exercitatus
783 2313 1045 2394 animus
1079 2331 1315 2394 callere
1348 2331 1481 2394 iam
1514 2332 1715 2394 debet
1759 2341 1957 2415 atque
1996 2333 2218 2396 omnia
2256 2333 2458 2395 mino-

355 2445 443 2508 ris
491 2444 912 2507 existimare?
1015 2444 1128 2506 An
1177 2443 1347 2506 illius
1393 2444 1627 2519 vicem,
1677 2445 1893 2520 credo,
1943 2445 2173 2508 doles?
2281 2446 2457 2528 Quo-

353 2558 526 2620 tiens
567 2557 635 2619 in
674 2576 823 2619 eam
870 2556 1339 2637 cogitationem
1388 2576 1665 2619 necesse
1712 2566 1815 2619 est
1860 2567 1927 2620 et
1970 2565 2043 2620 τῦ
2086 2558 2347 2621 veneris
2389 2569 2456 2621 et

354 2678 476 2733 nos
509 2690 711 2752 saepe
743 2668 1114 2744 incidimuS,
1152 2669 1334 2731 hisce
1366 2669 1780 2751 temporibus
1811 2678 1945 2732 non
1984 2670 2270 2751 pessime
2302 2691 2453 2733 cum

353 2782 431 2844 iis
475 2802 624 2845 esse
671 2788 895 2844 actum
942 2780 1183 2862 quibus
1238 2780 1381 2844 sine
1435 2781 1662 2845 dolore
1714 2781 1964 2846 licitum
2018 2792 2122 2845 est
2175 2793 2450 2847 mortem
2502 2810 2559 2856 25

354 2915 503 2958 cum
535 2901 671 2956 vita
703 2893 1141 2957 commutare!
1236 2893 1415 2975 Quid
1448 2903 1669 2957 autem
1715 2895 1842 2958 fuit
1886 2895 2063 2977 quod
2106 2895 2286 2958 illam
2329 2897 2454 2960 hoc

352 3018 651 3089 tempore
706 3004 792 3068 ad
845 3006 1208 3069 vivendum
1269 3013 1519 3088 magno
1579 3027 1781 3089 opere
1843 3007 2121 3071 invitare
2182 3010 2454 3091 posset?

355 3119 546 3203 Quae
572 3119 717 3181 res?
794 3119 987 3201 Quae
1013 3118 1210 3200 spes?
1289 3119 1491 3201 Quod
1522 3118 1727 3181 animi
1750 3120 2111 3183 solacium?
2181 3122 2277 3186 Ut
2303 3142 2453 3184 cum

353 3231 574 3313 aliquo
605 3230 1032 3294 adulescente
1065 3230 1377 3313 primario
1419 3231 1774 3295 coniuncta
1817 3239 2103 3295 aetatem
2145 3233 2454 3314 gereret?

354 3463 400 3515 7.
423 3448 656 3507 confieri,
673 3450 928 3517 :confici.
983 3463 1057 3500 12.
1077 3449 1245 3509 brevi,
1266 3452 1376 3500 adv.
1431 3464 1508 3499 21.
1541 3451 1751 3510 callere,
1775 3458 1821 3499 to
1848 3451 1900 3500 be
1932 3452 2196 3500 insensible
2226 3451 2453 3517 quain.

359 3545 431 3599 15.
464 3531 780 3591 intestinus,
807 3534 1031 3596 private.
1108 3533 1180 3582 18.
1217 3533 1376 3584 hone·
1431 3546 1509 3582 22.
1556 3532 1707 3584 illius
1746 3533 1936 3592 vicem,
1982 3551 2046 3582 on
2090 3534 2181 3581 her
2225 3541 2447 3582 account.

352 3616 573 3676 statem,
613 3617 920 3679 reputation.
1028 3629 1105 3665 20.
1146 3614 1262 3665 illis
1298 3627 1376 3666 re·
1431 3629 1509 3679 23.
1549 3614 1777 3674 veneris,
1817 3615 1939 3679 subj.
1982 3616 2098 3664 with
2142 3632 2324 3664 necesse
2367 3624 2446 3665 est.

350 3699 467 3758 bus,
513 3698 595 3748 i-e.
635 3698 722 3746 the
770 3698 855 3747 fall
901 3698 960 3747 of
997 3699 1082 3747 the
1130 3698 1374 3762 republic.
1430 3712 1508 3760 29.
1540 3696 1814 3761 primario,
1839 3699 2453 3763 distinguished—gere·
