2950 4150
374 684 428 716 10

374 1240 429 1288 15

474 260 557 326 92
976 253 1627 307 CORRESPONDENCE
1670 253 1761 303 OF
1803 253 2073 305 CICERO.

480 428 636 490 Noli
668 434 922 508 putfire,
950 436 1042 489 mi
1073 426 1325 502 Cicero,
1354 434 1460 489 me
1494 428 1619 490 hoc
1655 427 1922 490 auribus
1955 436 2085 489 tuis
2118 428 2296 491 dare.
2395 429 2582 493 Nihil

476 516 1073 614 adulescentetuo,
1110 547 1309 620 atque
1347 539 1516 601 adeo
1556 538 2072 602 nostro—nihil
2115 539 2292 602 enim
2336 540 2498 603 mihi
2542 549 2582 603 5

475 660 542 715 te
595 660 818 733 potest
870 671 1019 714 esse
1073 651 1690 717 seifinctum—aut
1738 651 2086 714 amabilius
2141 652 2447 715 omnibus
2500 654 2580 716 iis

476 774 591 847 qui
620 765 911 828 Athenis
953 772 1109 826 sunt
1149 772 1253 827 est
1294 773 1408 826 aut
1455 763 1813 827 studiosius
1859 771 2088 827 earum
2132 764 2370 828 artium
2413 773 2579 848 queis

475 884 547 939 tn
581 875 863 938 mfixime
894 883 1099 952 amZiS,
1135 877 1257 939 hoe
1293 884 1411 952 est,
1447 876 1864 959 optimarum.
1958 876 2195 959 Itaque
2226 876 2362 953 tibi,
2399 880 2579 960 quod

475 995 630 1051 vere
661 988 884 1051 facere
916 1009 1210 1070 possum,
1244 987 1529 1050 libenter
1560 1008 1825 1077 quoque
1862 988 2159 1070 griitulor
2194 1009 2317 1052 nec
2358 989 2579 1053 minus

477 1100 676 1164 etiam
709 1100 919 1176 nobIS,
955 1101 1133 1182 quod
1166 1120 1317 1163 eum
1351 1121 1549 1183 quem
1593 1120 1869 1163 necesse
1916 1109 2058 1163 erat
2099 1100 2389 1182 diligere,
2425 1109 2581 1184 qua-

477 1213 843 1295 liscumque
874 1221 1069 1288 esset,
1104 1213 1301 1275 tfilem
1345 1212 1667 1275 habemus
1704 1221 1779 1275 ut
1815 1212 2098 1275 libenter
2139 1233 2404 1295 quoque
2442 1214 2579 1276 dili-

478 1332 731 1406 gamus,
857 1324 993 1406 Qui
1037 1345 1188 1388 cum
1236 1323 1399 1387 mihi
1442 1324 1511 1387 in
1560 1332 1865 1388 sermone
1910 1317 2244 1387 iniecisset
2291 1333 2363 1388 se
2406 1326 2578 1389 velle

478 1437 715 1501 Asiam
746 1447 981 1513 visere,
1016 1445 1152 1499 non
1184 1436 1383 1500 modo
1414 1437 1749 1513 invitatuS,
1784 1438 1904 1499 sed
1936 1436 2138 1500 etiarn
2170 1444 2445 1518 rogfitus
2478 1447 2581 1501 est

477 1557 517 1611 5
565 1557 672 1611 me
716 1559 789 1613 ut
833 1549 901 1612 id
956 1549 1373 1631 potissimum
1421 1549 1614 1613 nobis
1660 1549 2114 1612 obtinentibus
2168 1549 2577 1632 provinciam

479 1662 746 1724 faceret.
843 1661 969 1724 Cui
1022 1669 1145 1725 nos
1197 1670 1266 1725 et
1319 1661 1592 1725 caritfite
1646 1670 1714 1724 et
1767 1669 1990 1724 amore
2043 1670 2231 1724 tuum
2286 1660 2578 1724 officium

478 1780 930 1855 praestatfiros
991 1782 1125 1837 non
1188 1773 1389 1836 debes
1451 1772 1771 1837 dubitare.
1897 1773 2070 1835 Illud
2131 1793 2394 1855 quoque
2454 1773 2580 1836 erit

478 1885 668 1949 nobis
711 1893 928 1962 mirae,
973 1895 1048 1949 ut
1088 1885 1449 1969 Cratippus
1498 1892 1630 1947 fini
1676 1905 1829 1948 curn
1875 1892 1957 1948 eo
1998 1884 2099 1961 sit,
2135 1892 2220 1947 ne
2266 1892 2462 1967 putes
2507 1885 2578 1948 in

477 1997 646 2060 Asia
691 1997 1003 2061 feriatum
1049 1997 1234 2060 illum
1277 1997 1361 2060 ab
1407 1997 1486 2060 iis
1530 1997 1763 2059 studiis
1805 1996 1873 2058 in
1917 2017 2087 2080 quae
2130 2004 2244 2059 tufi
2281 1998 2580 2060 cohortil-

476 2110 656 2174 tione
688 2110 999 2174 incitatur
1039 2111 1355 2173 futfirum.
1453 2106 1630 2172 Nam
1671 2109 1855 2172 illurn
1900 2117 2222 2192 paratum,
2258 2119 2332 2173 ut
2362 2110 2573 2186 video,

476 2232 544 2286 et
574 2223 949 2306 ingressum
993 2223 1192 2305 pleno
1233 2223 1445 2305 gradii
1490 2223 1824 2286 cohorte-iri
1863 2230 1997 2284 non
2041 2222 2572 2298 intermittemUS,

476 2336 706 2418 quoin
738 2336 878 2399 dies
920 2335 1184 2418 longius
1221 2334 1542 2398 discendo
1584 2334 2080 2416 exercendoque
2123 2341 2196 2396 se':
2237 2333 2570 2415 procedat.

633 2538 887 2601 XLIX.
979 2537 1049 2601 A
1113 2537 1403 2602 POINT
1467 2536 1595 2600 OF
1659 2535 1876 2599 LAW
1933 2532 2146 2618 (Fam.
2185 2548 2240 2614 7.
2279 2533 2407 2619 22).

1203 2689 1418 2740 Cicero
1452 2687 1742 2776 Trebatio
1779 2687 1844 2738 S.

559 2825 899 2888 Inlfiserfis
962 2826 1105 2887 heri
1163 2824 1336 2886 inter
1390 2824 1683 2908 scyphos
1739 2822 1916 2904 quod
1971 2822 2261 2885 dixeram
2316 2831 2574 2885 contro-

467 2936 751 3000 versiam
783 2957 931 3000 esse
975 2944 1288 3018 possetne
1325 2935 1536 3011 hereS,
1572 2934 1750 3017 quod
1788 2935 2041 2996 ffirtum
2081 2940 2278 2996 antei
2313 2933 2568 2996 factum

469 3058 663 3124 esset,
698 3049 862 3111 ffirti
891 3055 1070 3111 recte
1101 3067 1317 3128 agere.
1414 3048 1653 3130 Itaque
1683 3055 1810 3109 etsi
1847 3046 2117 3109 domum
2160 3045 2331 3108 bene
2369 3053 2568 3127 potus

467 3199 634 3249 model
690 3216 798 3249 son.
904 3213 950 3262 9.
1006 3200 1171 3264 atque
1225 3199 1375 3258 adeo,
1431 3215 1492 3247 or
1543 3199 1727 3263 gradu,
1752 3198 1874 3247 with
1903 3198 2066 3262 rapid
2078 3204 2325 3262 progress,
2352 3196 2424 3246 lit.
2451 3205 2511 3246 at
2533 3215 2567 3246 a

466 3284 654 3331 rather.
743 3282 817 3331 16.
863 3281 1159 3341 iniecisset,
1202 3282 1313 3330 had
1351 3297 1488 3330 men·
1541 3281 1692 3345 quick
1711 3288 1826 3344 step.

464 3365 645 3414 tioned.
726 3378 798 3427 19.
832 3376 930 3415 nos
955 3401 967 3413 .
999 3401 1010 3413 .
1043 3400 1054 3413 .
1084 3364 1483 3428 praestaturos:
1628 3364 1818 3412 XLIX.
1884 3376 1924 3413 1.
1971 3360 2114 3413 inter
2158 3362 2408 3427 scyphos,
2448 3379 2568 3411 over

465 3448 631 3496 notice
664 3448 750 3495 the
786 3463 891 3497 acc.
926 3448 1028 3497 and
1062 3447 1149 3496 inf.
1186 3447 1261 3495 for
1292 3462 1322 3495 a
1357 3447 1487 3510 quin
1538 3448 1615 3495 tlte
1647 3448 1819 3503 wine:
1865 3446 1952 3495 the
1991 3446 2201 3509 scyphus
2232 3461 2334 3495 was
2373 3461 2403 3494 a
2442 3452 2564 3494 two-

464 3528 644 3578 clause.
736 3543 812 3578 21.
860 3529 1167 3594 Cratippus,
1212 3546 1243 3578 a
1288 3529 1486 3594 Peripa·
1538 3529 1758 3578 handled
1795 3529 1998 3578 beaker.
2068 3542 2113 3578 2.
2148 3529 2328 3587 antea,
2360 3528 2439 3577 i.e.
2476 3530 2563 3579 be-

463 3612 582 3660 tetic
604 3612 946 3677 philosopher.
1005 3626 1082 3662 22.
1110 3610 1369 3663 feriatum
1395 3648 1408 3661 .
1433 3647 1445 3660 .
1472 3648 1485 3660 .
1537 3612 1643 3661 fore
1674 3612 1753 3660 his
1780 3612 2061 3661 succession
2096 3618 2149 3660 to
2187 3612 2273 3661 the
2309 3618 2564 3677 property.

463 3690 727 3754 futurum,
749 3696 792 3743 is
805 3695 964 3759 gving
980 3702 1027 3742 to
1050 3702 1160 3742 rest.
1222 3706 1300 3754 24.
1323 3693 1485 3758 pleno
1537 3707 1583 3756 3.
1607 3691 1759 3753 furti,
1783 3709 1896 3757 gen.
1916 3694 1975 3742 of
1992 3695 2077 3742 the
2102 3694 2564 3760 charge.--agere,
