2950 4150
887 260 1039 310 THE
1084 261 1300 311 EXILE
1343 262 1434 311 TO
1483 261 1605 312 HIS
1651 262 1936 314 FAMILY.
2382 270 2457 333 31

361 444 616 511 servivi,
653 435 844 497 nobis
882 433 1165 516 gratiam
1209 435 1621 498 rettulerunt.
1721 436 1864 499 Nos
1908 437 2244 501 Brundisii
2283 440 2463 521 apud

364 551 457 612 M.
497 547 822 610 Laenium
871 547 1186 610 Flaccum
1219 547 1360 610 dies
1391 547 1519 610 xiii.
1555 548 1824 625 fuimuS,
1858 549 2070 612 virum
2115 550 2459 631 optimum,

361 671 474 744 qui
505 661 871 742 periculum
903 660 1322 722 fortunarum
1357 669 1424 723 et
1455 661 1691 742 capitis
1725 671 1826 724 sui
1863 682 2024 743 prae
2063 670 2210 725 mea
2249 664 2462 727 saliite

360 772 668 854 neglexit,
704 792 921 854 neque
954 772 1122 853 legis
1160 772 1690 855 improbissimae
1734 781 1950 855 poena
1994 775 2318 839 deductus
2361 787 2463 839 est

361 894 491 967 quo
528 884 746 947 minus
788 885 1037 966 hospiti
1077 894 1145 948 et
1185 885 1513 948 amicitiae
1556 885 1657 948 ifis
1705 871 2125 970 officiumque
2173 896 2464 969 praesta-

266 997 271 1001 ’
361 1007 477 1059 ret.
575 996 754 1059 Huic
797 996 1051 1059 utinam
1095 997 1453 1080 aliquando
1490 998 1772 1079 gratiam
1806 1000 2056 1062 referre
2089 1002 2458 1081 possimus!

363 1109 780 1172 Habebimus
824 1109 1090 1191 quidem
1134 1130 1414 1192 semper.
1512 1110 1865 1173 Brundisio
1907 1113 2193 1193 profecti
2233 1133 2461 1176 sumus

361 1243 416 1285 a.
452 1223 512 1285 d.
548 1242 615 1285 11.
655 1223 738 1285 K.
778 1222 975 1299 Mam
1025 1242 1146 1305 per
1180 1223 1649 1293 Macedoniam
1690 1224 2003 1308 Cyzicum
2045 1225 2455 1307 petebamus.

363 1320 424 1399 ὃ
473 1342 578 1397 me
625 1335 993 1417 perditum!
1088 1319 1150 1399 ὃ
1199 1334 1571 1398 adflictum!
1667 1335 1847 1418 Quid
1894 1357 2070 1400 nunc
2118 1358 2349 1419 rogem
2395 1345 2462 1401 te

362 1457 436 1509 ut
478 1447 725 1524 veniam,
775 1447 1116 1510 mulierem
1163 1467 1432 1528 aegram
1481 1457 1548 1510 et
1595 1468 1871 1529 corpore
1922 1458 1989 1512 et
2037 1449 2260 1513 animo
2312 1459 2460 1513 con-

360 1559 652 1623 fectam?
745 1560 901 1622 Non
955 1558 1230 1640 rogem?
1325 1560 1485 1624 Sine
1532 1568 1599 1623 te
1648 1561 1849 1642 igitur
1898 1562 2066 1624 sim?
2178 1563 2456 1645 Opinor,

362 1682 453 1735 sic
495 1693 729 1753 agam:
779 1681 835 1734 si
875 1682 980 1734 est
1021 1679 1175 1754 spes
1223 1681 1435 1735 nostri
1477 1673 1746 1749 reditus,
1792 1693 1939 1735 eam
1987 1675 2347 1737 confirmes
2394 1686 2462 1737 et

358 1804 498 1846 rem
532 1784 842 1861 adiuv'e‘s;
892 1793 1013 1860 sin,
1049 1793 1124 1847 ut
1155 1804 1281 1865 ego
1316 1793 1555 1860 metuo,
1590 1792 2000 1848 transactum
2038 1796 2156 1860 est,
2194 1795 2460 1869 quoquo

361 1898 558 1959 modo
598 1906 792 1978 potes
834 1897 920 1959 ad
961 1904 1068 1959 me
1110 1898 1218 1960 fac
1262 1897 1509 1960 venias
1548 1905 1554 1913 '
1606 1882 1839 1961 Unum
1880 1898 2005 1961 hoc
2049 1906 2249 1961 scito:
2299 1909 2355 1962 si
2395 1907 2460 1962 te

360 2009 636 2087 habebo,
670 2017 805 2072 non
837 2009 1000 2072 mihi
1029 2009 1303 2072 videbor
1335 2010 1535 2093 plane
1572 2019 1841 2092 perisse.
1938 2010 2073 2075 Sed
2112 2012 2271 2095 quid
2307 2012 2460 2076 Tul-

359 2121 512 2186 liola
558 2130 707 2185 mea
752 2123 918 2187 fiet?
1040 2124 1183 2186 Iam
1231 2122 1299 2186 id
1349 2131 1469 2186 vos
1523 2123 1780 2200 videte;
1851 2124 2014 2186 mihi
2066 2126 2257 2188 deest
2308 2134 2456 2189 con-

359 2234 592 2298 silium.
688 2235 823 2300 Sed
870 2243 1066 2312 certe,
1117 2243 1387 2319 quoquo
1431 2237 1632 2300 modo
1677 2244 1748 2299 se
1793 2244 1900 2299 res
1948 2236 2234 2313 habebit,
2285 2238 2456 2300 illius

357 2347 652 2411 misellae
676 2357 744 2411 et
768 2348 1186 2412 matrimonio
1217 2357 1285 2412 et
1314 2349 1536 2412 famae
1569 2349 1992 2412 serviendum
2017 2359 2135 2412 est.
2232 2350 2456 2432 Quid?

357 2459 593 2524 Cicero
625 2481 812 2523 meus
845 2460 1003 2543 quid
1036 2461 1237 2543 aget?
1329 2461 1466 2524 Iste
1497 2469 1655 2524 vero
1688 2461 1772 2524 sit
1803 2461 1868 2524 in
1903 2462 2049 2524 sinfi
2096 2482 2360 2543 semper
2391 2473 2457 2526 et

355 2572 703 2654 complexii
739 2581 904 2636 meo.
1003 2574 1157 2636 Non
1191 2581 1364 2661 queo
1400 2575 1593 2656 plfira
1632 2574 1764 2636 iam
1807 2574 2130 2651 scribere3
2180 2575 2457 2656 impedit

356 2704 631 2748 maeror.
727 2687 831 2749 Τῡ
880 2684 1039 2767 quid
1093 2686 1308 2767 egeris
1361 2686 1606 2763 nescio,
1658 2696 1878 2749 utrum
1926 2686 2172 2769 aliquid
2223 2696 2455 2750 teneas

356 2816 462 2871 an,
496 2796 673 2879 quod
706 2805 948 2873 metuo,
984 2797 1184 2880 plane
1215 2808 1304 2861 sis
1343 2798 1641 2881 spoliata.
1739 2800 2064 2876 Pisonem,
2099 2809 2173 2863 ut
2204 2801 2452 2877 scribiS,

359 2978 432 3028 14.
463 2967 805 3019 fortunarum
830 2969 887 3019 et
913 2967 1142 3033 capitis:
1178 2969 1244 3017 he
1266 2969 1382 3018 who
1434 2970 1726 3033 dependent
1762 2986 1900 3034 upon
1937 2986 1967 3018 a
2001 2971 2122 3019 verb
2158 2971 2216 3019 of
2244 2971 2367 3019 wish
2401 2987 2457 3019 or

353 3049 605 3100 sheltered
661 3067 726 3099 an
783 3052 966 3101 outlaw
1021 3068 1135 3114 was,
1183 3051 1388 3100 himself
1434 3055 1703 3102 command
1738 3053 1942 3117 implied
1977 3053 2027 3101 in
2062 3055 2136 3102 sic
2167 3070 2331 3117 agam,
2356 3056 2456 3103 and

352 3131 504 3181 liable
544 3140 597 3182 to
639 3133 956 3183 banishment
994 3136 1096 3184 and
1136 3136 1221 3183 the
1263 3150 1380 3183 con·
1435 3142 1523 3183 not
1555 3151 1620 3183 an
1648 3135 1874 3185 instance
1902 3135 1961 3184 of
1989 3136 2075 3184 the
2107 3152 2216 3184 rare
2255 3138 2457 3185 definite

355 3214 583 3266 fiscation
628 3216 686 3264 of
736 3233 766 3264 a
818 3217 949 3265 third
1001 3217 1059 3265 of
1103 3218 1181 3265 his
1232 3233 1380 3281 prop·
1432 3219 1620 3266 second
1645 3234 1824 3282 person
1851 3235 1905 3268 as
1928 3236 1957 3267 a
1983 3220 2246 3268 substitute
2271 3219 2348 3267 for
2369 3220 2455 3267 the

354 3304 476 3361 erty.
500 3324 564 3333 —
586 3310 732 3362 prae,
780 3300 840 3347 in
881 3301 1194 3362 comparison
1235 3300 1373 3348 with.
1432 3300 1745 3364 imperative3
1767 3301 1925 3366 cf.fizc
1941 3303 2130 3349 venias.
2181 3315 2259 3361 24.
2277 3301 2451 3351 ‘trans-

359 3379 433 3428 18.
489 3379 720 3444 profecti
777 3394 981 3443 samua,
1041 3383 1374 3447 petebamus),
1430 3383 1614 3434 actum
1653 3384 1753 3442 est,
1799 3384 1841 3431 it
1884 3385 1927 3431 is
1971 3385 2050 3432 all
2086 3391 2155 3447 up
2193 3384 2318 3431 with
2356 3399 2446 3433 me.

353 3463 622 3526 epistolary
673 3469 853 3513 tenses
968 3478 1040 3526 19.
1093 3477 1142 3515 a.
1193 3465 1244 3516 d.
1302 3471 1378 3524 11.,
1432 3466 1510 3514 26.
1536 3465 1791 3525 Tulliola,
1810 3482 1876 3514 an
1900 3465 2215 3514 affectionate
2239 3466 2453 3514 diminu-

353 3563 404 3587 =
425 3546 620 3609 pridie.
643 3573 711 3582 —
733 3545 1017 3610 Cyzicum:
1065 3548 1130 3595 he
1166 3548 1379 3612 actually
1431 3549 1545 3597 tive.
1617 3561 1693 3612 27.
1728 3546 1838 3606 fiet,
1880 3549 1993 3595 will
2027 3549 2209 3596 become
2249 3551 2332 3614 of,·
2368 3548 2452 3597 the

350 3635 488 3677 went
521 3644 589 3676 no
623 3628 809 3677 farther
842 3630 965 3678 than
998 3630 1370 3679 Thessalonica.
1431 3631 1528 3679 abl.
1568 3629 1619 3677 in
1660 3631 1759 3678 this
1803 3630 1956 3678 idiom
2002 3630 2042 3677 is
2088 3630 2447 3683 instrumental.

353 3721 433 3772 23.
469 3708 778 3762 confirmes:
817 3712 903 3761 the
928 3711 1053 3776 subj.
1078 3712 1121 3761 is
1147 3712 1378 3777 logically
1431 3726 1510 3775 29.
1544 3711 1810 3770 misellae,
1835 3712 1955 3761 dim.
1979 3711 2037 3759 of
2071 3712 2239 3761 miser.
2258 3724 2455 3762 —ma-

2517 801 2569 848 15

2509 1922 2563 1967 25

2504 2485 2563 2528 30
