2950 4150
402 932 456 963 10

401 1480 452 1526 15

502 269 590 330 60
1005 279 1467 329 CORRESPOND
1475 279 1656 327 ENCE
1700 280 1790 329 OF
1835 279 2104 329 CICERO.

503 461 796 516 meorum
838 462 1035 535 atque
1082 453 1150 515 in
1194 463 1421 535 primis
1463 456 1584 529 tui}
1624 453 1895 516 satietas
1937 463 2160 516 autem
2203 454 2606 536 provinciae,

501 566 609 628 vel
662 566 816 648 quia
866 566 1168 629 videmur
1221 587 1369 629 eam
1430 567 1681 628 famam
1743 574 2088 629 consecuti
2140 576 2212 629 ut
2271 576 2406 630 non
2469 578 2608 630 tam

503 678 798 742 accessio
829 679 1211 761 quaerenda
1243 699 1442 760 quam
1475 679 1747 742 fortuna
1782 679 2138 741 metuenda
2177 679 2279 755 sit,
2314 681 2420 742 vel
2454 681 2609 763 quia

502 798 715 853 toturn
776 791 1120 872 negotium
1181 799 1317 855 non
1379 801 1481 854 est
1543 791 1817 872 dignum
1871 791 2121 854 viribus
2175 802 2438 867 nostrIS,
2497 803 2610 875 qui

503 902 751 965 maiora
796 923 1000 966 onera
1046 903 1110 965 in
1162 911 1232 967 re
1279 903 1545 985 publica
1592 903 1918 966 sustinere
1971 912 2039 967 et
2092 904 2341 985 possim
2397 914 2465 967 et
2513 926 2610 968 so-

503 1014 693 1090 leam,
741 1015 849 1078 vel
895 1016 1049 1098 quia
1095 1016 1253 1079 belli
1296 1023 1523 1097 magni·
1567 1016 1764 1079 timor
1809 1016 2171 1098 impendet,
2218 1017 2396 1098 quod
2434 1017 2608 1080 vide-

502 1147 650 1189 mur
696 1128 998 1208 effugere
1047 1138 1103 1190 si
1148 1129 1232 1191 ad
1279 1128 1708 1192 constitutam
1758 1127 1934 1191 diem
1987 1128 2401 1191 decedemuS.
2503 1131 2608 1192 De

503 1240 866 1320 pantherTS,
904 1260 1022 1321 per
1055 1249 1168 1302 eos
1200 1251 1316 1322 qui
1345 1247 1573 1302 venari
1604 1241 1821 1303 solent
1854 1239 2074 1327 agitur
2107 1241 2422 1303 mandatu
2459 1249 2608 1303 meo

503 1351 889 1433 diligentem
940 1352 1058 1415 sed
1092 1362 1257 1414 mira
1289 1352 1588 1434 paucitas
1622 1362 1740 1428 est,
1777 1362 1843 1415 et
1875 1360 1988 1415 eas
2022 1373 2192 1434 quae
2226 1363 2381 1415 sunt
2412 1354 2609 1416 valde

502 1463 689 1526 aiunt
721 1473 908 1546 queri
950 1465 1128 1546 quod
1175 1464 1337 1527 nihil
1380 1464 1684 1548 cuiquam
1729 1465 2117 1528 insidiarum
2162 1465 2228 1527 in
2273 1474 2419 1538 mea
2464 1475 2608 1547 pro-

500 1576 718 1639 vincia
772 1576 901 1640 nisi
951 1577 1074 1640 sibi
1134 1578 1270 1639 fiat.
1400 1578 1636 1660 Itaque
1698 1577 2119 1641 constituisse
2173 1578 2485 1640 dicuntur
2540 1579 2603 1641 in

503 1688 763 1752 Cariam
813 1709 894 1752 ex
938 1696 1166 1752 nostra
1218 1689 1557 1770 provincia
1610 1690 1948 1753 decedere.
2047 1690 2181 1754 Sed
2232 1699 2457 1753 tamen
2515 1698 2607 1753 se-

501 1801 661 1863 dulo
698 1802 788 1876 fit,
823 1811 890 1864 et
931 1800 999 1863 in
1042 1811 1271 1884 primis
1302 1809 1341 1864 5
1377 1803 1651 1864 Patisco.
1749 1801 2082 1884 Quicquid
2124 1802 2265 1877 erit,
2299 1801 2420 1864 tibi
2462 1802 2603 1878 erit,

503 1913 621 1975 sed
674 1913 833 1995 quid
894 1924 1096 1977 esset·
1131 1914 1331 1996 plane
1390 1913 1870 1977 nesciebamus
1991 1914 2162 1977 Mihi
2223 1915 2606 1977 mehercule

503 2032 788 2108 magnae
821 2033 1019 2089 curae
1051 2036 1153 2090 est
1194 2026 1495 2090 aedilitas
1536 2035 1669 2090 tua.
1767 2027 1926 2109 Ipse
1969 2026 2108 2090 dies
2149 2034 2255 2089 me·
2297 2027 2607 2090 admone-

501 2138 634 2214 bat,
685 2149 920 2220 scripsi
963 2138 1140 2201 enim
1187 2139 1563 2221 haec-ipsis
1616 2138 2134 2220 Megalensibus,
2251 2140 2355 2201 Τῡ
2402 2140 2606 2202 velim

502 2251 585 2313 ad
628 2259 736 2313 me
773 2252 857 2314 de
902 2262 1083 2314 omni
1126 2262 1223 2315 rei
1271 2251 1577 2333 publicae
1627 2237 1801 2315 stati‘i
1851 2272 2052 2334 quam
2098 2251 2606 2333 diligentissime

501 2365 891 2445 perscribas
962 2384 1042 2428 ea
1116 2364 1294 2427 enim
1371 2364 1739 2427 certissima
1813 2363 2062 2445 putabo
2137 2384 2307 2446 quae
2383 2384 2465 2426 ex
2540 2372 2608 2428 te

499 2484 808 2558 cognoro.

499 2656 608 2704 that
659 2656 737 2705 his
785 2671 1040 2705 successor
1090 2656 1272 2706 should
1321 2657 1386 2705 be
1438 2672 1525 2721 ap·
1580 2656 1679 2719 elty
1702 2656 1811 2705 that
1846 2655 2215 2705 characterized
2251 2656 2453 2703 Roman
2489 2671 2604 2719 pro-

498 2739 725 2804 pointed,
771 2740 881 2787 that
926 2739 991 2787 he
1041 2740 1202 2802 might
1253 2745 1420 2788 return
1471 2745 1525 2788 to
1576 2739 1758 2788 vincial
1781 2745 2127 2803 government.
2207 2750 2281 2802 17.
2317 2737 2521 2797 sedulo,
2549 2760 2598 2782 =

501 2823 662 2870 Rome
698 2822 1036 2885 immediately
1064 2838 1200 2887 upon
1235 2823 1320 2870 the
1356 2823 1523 2870 termi·
1577 2823 1857 2885 dilzgrenter.
1956 2835 2029 2883 19.
2076 2820 2465 2878 nesciebamus,
2511 2821 2604 2872 ad-

498 2905 672 2953 nation
708 2905 765 2953 of
794 2905 872 2952 his
904 2919 1022 2967 year
1053 2905 1112 2953 of
1139 2904 1280 2953 office
1313 2921 1381 2953 on
1411 2905 1525 2969 July
1576 2904 1844 2963 monebat,
1874 2903 2085 2968 scripsi,
2113 2904 2380 2967 epistolary
2412 2910 2598 2952 tenses.

498 2988 633 3050 3oth.
704 2987 749 3035 8.
783 2985 1018 3045 fortuna,
1055 2987 1134 3036 i.e.
1171 3002 1201 3035 a
1241 2987 1436 3050 change
1472 2988 1530 3034 of
1578 3001 1655 3036 21.
1690 2985 2109 3052 MegalensibuS,
2151 2986 2236 3034 the
2284 2987 2603 3050 Megalensia

497 3069 710 3117 fortune.
784 3081 857 3118 11.
892 3067 1026 3118 belli
1058 3068 1262 3133 magni,
1285 3070 1406 3118 with
1435 3070 1522 3118 the
1576 3086 1675 3119 was
1712 3087 1742 3119 a
1779 3068 1974 3118 festival
2013 3069 2066 3117 in
2106 3068 2268 3116 honor
2305 3068 2363 3116 of
2398 3068 2603 3130 Cybele,

498 3152 774 3210 Parthians,
810 3152 924 3199 who
965 3152 1101 3201 since
1142 3152 1228 3201 the
1273 3152 1429 3201 battle
1470 3153 1529 3201 of
1575 3153 1861 3202 celebrated
1896 3151 2023 3199 from
2056 3151 2199 3214 April
2232 3151 2321 3211 4th
2357 3156 2410 3199 to
2451 3152 2595 3210 10th;

495 3234 713 3283 Carrhae
748 3234 849 3283 had
883 3234 1015 3283 been
1050 3235 1369 3298 threatening
1399 3235 1521 3284 Asia
1573 3236 1658 3285 the
1698 3250 1871 3299 games
1911 3241 1962 3282 at
2002 3234 2101 3283 this
2141 3232 2331 3282 festival
2373 3248 2503 3281 were
2552 3234 2604 3282 in

497 3317 690 3376 Minor;
745 3323 795 3365 at
832 3318 930 3365 this
966 3317 1084 3365 time
1120 3319 1221 3367 and
1258 3318 1333 3366 for
1372 3334 1521 3381 many
1573 3319 1756 3381 charge
1773 3318 1831 3366 of
1843 3318 1928 3366 the
1949 3317 2117 3365 curule
2136 3315 2338 3364 aediles.
2385 3328 2464 3377 23.
2483 3328 2603 3379 per-

493 3415 636 3462 years
660 3399 778 3462 they
802 3416 929 3447 were
956 3401 1250 3450 considered
1279 3401 1364 3450 the
1390 3408 1519 3449 most
1572 3401 1792 3459 scribas,
1816 3401 1964 3449 write
1994 3401 2053 3448 in
2082 3400 2240 3447 detail
2248 3416 2271 3454 ,·
2308 3398 2490 3461 during
2524 3400 2603 3447 his

496 3482 792 3531 sormidable
839 3483 896 3531 of
942 3482 1027 3531 the
1075 3483 1183 3532 foes
1228 3483 1287 3531 os
1333 3484 1511 3531 Rome.
1572 3485 1787 3532 absence
1822 3484 1875 3531 in
1908 3483 2082 3531 Cilicia
2116 3482 2292 3529 Cicero
2328 3479 2603 3543 depended

500 3577 572 3629 15.
622 3565 762 3628 quod
809 3602 821 3614 .
870 3602 881 3614 .
930 3602 942 3614 .
987 3564 1123 3616 fiat:
1174 3567 1392 3615 Cicero’s
1432 3567 1518 3614 ad·
1574 3582 1709 3630 upon
1729 3566 1925 3614 Caelius
1945 3566 2020 3613 for
2040 3565 2124 3613 the
2149 3563 2374 3628 political
2394 3579 2532 3611 news
2551 3564 2610 3612 of

493 3648 822 3696 ministration
870 3649 969 3696 had
1022 3649 1152 3697 been
1203 3649 1520 3712 remarkably
1575 3650 1752 3706 Rome,
1769 3650 1867 3696 and
1883 3648 2133 3696 Bk.VIII.
2150 3648 2225 3695 ad
2234 3648 2376 3694 Fam.
2394 3646 2435 3693 is
2450 3648 2604 3695 made

494 3729 597 3779 free
638 3731 765 3778 from
806 3732 891 3779 the
936 3732 1224 3795 corruption
1266 3734 1366 3782 and
1409 3748 1518 3781 cru·
1574 3747 1640 3795 up
1665 3731 1871 3792 entirely
1897 3731 1953 3778 of
1971 3730 2056 3778 the
2082 3731 2267 3777 latter’s
2290 3730 2477 3776 letters.
