2950 4150
1018 239 1067 286 A
1112 235 1471 285 FAITHFUL
1517 235 1800 284 FRIEND.
2378 239 2465 306 97

362 411 746 475 desciscam.
845 410 1229 492 Numquam
1272 409 1449 472 enim
1493 410 1843 472 honestam
1887 418 2168 471 mortem
2210 408 2467 490 fugien-

362 523 537 600 dam,
582 543 783 604 saepe
831 521 1030 585 etiam
1077 521 1529 603 oppetendam
1578 528 1823 603 putevi.
1920 521 2054 585 Sed
2101 520 2259 603 quid
2306 520 2468 583 mihi

363 643 758 698 suscensent
790 644 844 697 si
874 633 941 696 id
973 641 1151 715 opte,
1186 643 1259 696 ut
1290 633 1630 715 paeniteat
1661 641 1776 696 ees
1814 643 1917 696 sui
1951 632 2159 696 facti?
2251 632 2467 714 Cupie

362 747 541 811 enim
604 746 908 811 Caesaris
970 754 1249 808 mortem
1310 744 1617 809 omnibus
1678 765 1826 809 esse
1888 744 2213 808 acerbam.
2334 744 2467 808 ‘At
2512 764 2568 810 45

364 859 577 922 debee
617 866 739 940 pre
781 858 954 921 civili
995 867 1185 940 parte
1226 876 1366 920 rem
1410 857 1745 939 piiblicam
1783 857 1955 920 velle
1997 856 2287 920 salvam.’
2385 857 2466 919 Id

366 971 632 1054 quidem
667 977 773 1032 me
805 989 1067 1050 cupere,
1103 969 1232 1032 nisi
1261 978 1328 1031 et
1358 978 1515 1032 ante
1557 976 1706 1032 ecta
1737 977 1873 1032 vita
1915 978 1982 1032 et
2023 968 2277 1050 reliqua
2317 989 2467 1032 mea

366 1090 522 1166 spes
567 1091 833 1146 tacente
881 1089 987 1143 me
1036 1081 1292 1163 probat,
1342 1080 1625 1144 dicende
1669 1080 1937 1144 vincere
1990 1088 2124 1143 nen
2177 1081 2460 1162 postule.

366 1195 518 1277 Qua
571 1202 643 1256 re
695 1193 1008 1256 meierem
1060 1193 1129 1255 in
1179 1192 1448 1256 modum
1501 1200 1569 1256 te
1616 1201 1781 1274 roge
1828 1202 1902 1256 ut
1951 1212 2092 1256 rem
2142 1192 2464 1274 potierem

367 1306 661 1369 eretiene
716 1305 922 1368 disces
976 1304 1287 1386 mihique,
1344 1315 1402 1367 si
1450 1314 1656 1367 sentis
1706 1305 2017 1386 expedire
2071 1311 2251 1368 recte
2304 1305 2462 1381 fieri,
2511 1334 2570 1382 50

366 1419 597 1481 credes
640 1417 891 1481 millam
934 1417 1469 1480 commi-mienem
1512 1437 1664 1480 cum
1710 1417 2027 1498 improbis
2064 1437 2212 1480 esse
2245 1437 2460 1499 posse.

367 1531 481 1594 An
535 1530 713 1613 quod
769 1530 1160 1593 adulescens
1214 1529 1534 1611 praestiti,
1585 1550 1736 1593 cum
1787 1529 1985 1591 etiam
2042 1537 2260 1592 errere
2314 1550 2464 1592 cum

366 1642 789 1706 excfisetic‘me
845 1662 1130 1725 possem,
1180 1642 1248 1704 id
1301 1661 1480 1704 nunc
1536 1648 1755 1704 aetete
1807 1640 2243 1724 praecipitet}
2295 1662 2466 1705 com-

369 1762 616 1817 miitem
659 1775 738 1818 ac
779 1761 885 1816 me
927 1754 1068 1836 ipse
1111 1754 1451 1817 retexam?
1545 1754 1701 1816 Nc‘m
1744 1753 1988 1816 faciam
2030 1774 2247 1836 neque
2286 1754 2464 1836 quod

367 1867 714 1950 displiceat
760 1866 1187 1942 committam,
1232 1875 1697 1948 praeterquam
1745 1866 1923 1948 quod
1968 1866 2256 1929 hominis
2303 1866 2467 1928 mihi
2512 1886 2568 1933 55

365 1979 887 2043 conifinctissimi
930 2000 1008 2042 ac
1054 1979 1178 2042 viri
1223 1978 1617 2060 amplissimi
1660 1979 1854 2042 dolee
1893 1998 2166 2060 gravem
2214 1985 2460 2042 cesum.

366 2093 567 2175 Quod
599 2103 655 2155 si
686 2092 875 2155 aliter
906 2112 1123 2155 essem
1167 2086 1516 2166 animetus,
1552 2095 1917 2175 numqu‘am
1957 2093 2137 2175 quod
2171 2093 2464 2156 facerem

365 2212 699 2287 negarem,
735 2212 820 2267 ne
851 2214 919 2267 et
948 2204 1014 2267 in
1048 2205 1392 2286 peccande
1422 2205 1765 2288 improbus
1797 2214 1866 2269 et
1888 2205 1955 2268 in
1988 2205 2467 2269 dissimulande

363 2318 634 2380 timidus
666 2339 742 2380 ac
774 2324 985 2380 venus
1017 2318 1443 2380 existimarer.
1542 2319 1675 2380 ‘At
1715 2318 1907 2381 ledes
1950 2326 2116 2400 ques
2159 2318 2464 2382 Caesaris

363 2429 677 2493 victeriae
712 2430 960 2494 Caesar
992 2429 1383 2492 adulescens
1415 2429 1577 2493 fecit
1614 2430 1878 2493 cerevi)
1972 2429 2069 2492 At
2108 2429 2174 2492 id
2218 2430 2303 2492 ad
2341 2440 2466 2513 pri·
2513 2445 2573 2489 60

364 2549 592 2604 vetum
647 2541 954 2618 officium,
1012 2549 1145 2604 nen
1200 2542 1285 2604 ad
1335 2551 1579 2605 statum
1636 2552 1734 2605 rei
1786 2541 2092 2624 pfiblicae
2154 2542 2458 2625 pertinet.

366 2653 567 2735 Quod
627 2662 852 2716 tamen
906 2660 1149 2716 miinus
1202 2662 1271 2716 et
1325 2654 1612 2717 hominis
1667 2653 2048 2717 amicissimi
2108 2654 2463 2718 memoriae

365 2774 563 2847 atque
611 2766 970 2828 honeribus
1021 2772 1358 2847 praestere
1408 2765 1607 2828 etiam
1663 2774 1906 2829 mortui
1950 2765 2149 2829 debui
2191 2775 2258 2829 et
2303 2767 2466 2849 opti-

367 2897 515 2940 mae
547 2888 692 2959 spei
723 2877 1135 2940 adulescenti
1174 2898 1251 2941 ac
1295 2877 1687 2959 dignissime
1735 2879 2022 2943 Caesare
2063 2887 2317 2960 petenti
2358 2899 2466 2941 ne-

363 3094 444 3155 46.
486 3105 581 3157 pro
622 3092 775 3144 civili
813 3094 984 3158 parte,
1025 3109 1084 3142 as
1120 3110 1153 3142 a
1192 3094 1384 3143 citizen.
1445 3111 1479 3142 a
1503 3093 1624 3143 liar.
1694 3105 1772 3159 59.
1807 3093 1992 3146 ludos:
2032 3094 2118 3143 the
2142 3095 2285 3143 Ludi
2315 3096 2466 3144 Victo-

363 3187 446 3239 47.
486 3174 711 3240 reliqua,
721 3178 816 3242 fhr
836 3176 913 3225 the
922 3179 1124 3243 future.
1195 3188 1272 3241 50.
1302 3189 1389 3226 ex-
1446 3177 1561 3225 riae
1602 3177 1834 3226 Caesaris
1866 3192 1922 3225 or
1955 3178 2097 3225 Ludi
2137 3179 2341 3226 Veneris
2377 3180 2467 3226 Ge-

362 3257 549 3322 pedire
603 3259 746 3308 recte
801 3257 935 3317 fieri,
991 3260 1035 3306 it
1088 3260 1131 3306 is
1190 3261 1389 3322 expedi·
1448 3261 1659 3308 netricis
1692 3260 1796 3310 had
1832 3262 1964 3310 been
1996 3262 2174 3310 vowed
2213 3262 2279 3323 by
2311 3261 2470 3325 Julius

364 3348 453 3389 ent
492 3341 601 3389 that
641 3341 719 3389 the
764 3342 902 3405 rzgrlzt
942 3341 1123 3389 should
1161 3344 1385 3406 prevail.
1445 3345 1630 3393 Caesar
1663 3350 1714 3392 at
1748 3344 2026 3402 Pharsalus,
2050 3345 2152 3392 and
2174 3360 2303 3392 were
2340 3343 2469 3391 cele·

366 3435 444 3488 53.
485 3421 869 3486 praecipitata,
911 3424 955 3472 is
993 3423 1239 3488 drawing
1270 3433 1317 3473 to
1356 3442 1389 3472 a
1445 3427 1621 3475 brated
1646 3427 1747 3475 this
1768 3441 1885 3488 year
1902 3426 1968 3488 by
1986 3426 2230 3475 Octavian
2250 3426 2472 3488 (Caesar

364 3506 495 3553 close.
594 3517 673 3569 54.
713 3517 801 3554 me
849 3504 968 3570 ipse
1013 3507 1272 3567 retexam,
1318 3509 1389 3557 be·
1444 3508 1774 3570 adulescens).
1857 3508 1936 3569 64.
1972 3506 2297 3572 dignissimo
2343 3506 2470 3558 Cae·

364 3603 492 3637 come
526 3589 738 3637 another
771 3605 911 3637 man.
987 3589 1063 3653 58.
1101 3588 1391 3654 improbus,
1444 3603 1595 3641 sare:
1636 3591 1824 3640 Matius
1846 3606 1946 3638 was
1969 3590 2208 3653 thinking
2238 3589 2296 3639 of
2321 3590 2470 3639 Octa·

361 3669 609 3730 timidus,
631 3684 820 3730 vanus»,
846 3689 879 3720 a
903 3672 1081 3730 knave,
1111 3689 1143 3720 a
1175 3674 1389 3733 coward,
1442 3673 1561 3722 vian
1600 3688 1655 3722 as
1700 3672 1926 3722 Caesar’s
1966 3673 2188 3737 adopted
2232 3688 2324 3721 son
2370 3673 2474 3721 and

692 3766 807 3801 COR.
844 3766 912 3802 oF
945 3766 1167 3819 elc.-—7
