2950 4150
380 434 438 477 30

380 995 437 1040 35

380 1557 440 1600 40

379 2121 436 2167 45

380 2680 440 2726 50

490 244 567 308 72
986 239 1634 289 CORRESPONDENCE
1678 241 1769 290 OF
1814 240 2079 291 CICERO.

489 414 775 476 Licitum
818 422 919 476 est
954 414 1090 489 tibi,
1128 413 1343 490 credo,
1390 423 1511 495 pro
1552 423 1666 477 tua
1707 415 2031 496 dignitate
2074 438 2153 479 ex
2192 418 2315 481 hac
2363 418 2587 481 iuven-

484 534 626 590 tiite
674 547 994 608 generum
1043 526 1334 607 diligere,
1385 527 1573 589 cflius
1622 527 1777 589 fidei
1828 528 2069 591 liberos
2121 538 2272 592 tuos
2320 538 2387 592 to
2440 539 2588 594 toto

487 640 896 702 committere
931 639 1244 720 putares?
1327 639 1441 701 An
1482 649 1553 701 ut
1595 659 1674 701 ea
1716 639 1958 703 liberos
1998 661 2078 703 ex
2120 649 2267 703 soso
2299 653 2583 724 pareret,

486 759 652 834 quos
690 772 841 815 cum
884 752 1178 814 florentis
1216 751 1470 813 vidoret
1509 752 1881 827 laetarotur,
1918 763 2033 834 qui
2062 774 2202 815 rem
2234 761 2274 816 5,
2309 765 2587 836 parente

484 864 795 927 traditam
830 885 949 945 per
991 872 1063 926 so
1103 871 1331 926 tenore
1374 873 1667 945 possent,
1704 864 1988 926 honoros
2031 865 2384 971 ordinatim
2427 867 2588 947 peti-

485 985 616 1039 tijri
646 986 890 1052 essent,
925 977 992 1039 in
1025 985 1095 1039 ro
1128 976 1411 1058 poblica,
1446 977 1514 1038 in
1557 984 1918 1040 amicorum
1963 978 2245 1058 negotiis
2282 978 2586 1042 libertate

487 1097 604 1152 sua
661 1090 883 1152 osori?
996 1090 1176 1172 Quid
1234 1090 1469 1152 horum
1524 1090 1652 1153 fuit
1704 1091 1882 1171 quod
1943 1098 2076 1153 non
2140 1090 2325 1173 prius
2385 1112 2585 1172 quam

485 1202 714 1264 datum
757 1213 858 1265 est
900 1204 1286 1283 ademptum
1334 1201 1460 1264 sit?
1554 1203 1687 1265 ‘At
1718 1210 1875 1264 voro
1915 1203 2163 1265 malum
2207 1212 2310 1265 est
2347 1203 2588 1266 liberos

485 1313 829 1376 amittere.²
926 1315 1218 1392 Malum;
1266 1314 1394 1377 nisi
1438 1315 1562 1377 hoc
1611 1314 1800 1397 poius
1842 1315 1958 1390 sit,
1991 1315 2155 1378 haec
2198 1316 2482 1378 sufferre
2522 1325 2590 1378 et

487 1436 764 1507 perpeti.
861 1427 1054 1509 Quae
1092 1435 1198 1491 ros
1241 1427 1401 1489 mihi
1442 1435 1577 1489 non
1622 1427 2023 1490 mediocrem
2066 1428 2587 1491 consolationem

486 1538 723 1614 attulit,
770 1539 923 1602 volo
968 1539 1087 1601 tibi
1132 1547 1669 1616 commemorare,
1716 1550 1772 1602 si
1816 1540 1989 1603 forte
2034 1539 2270 1603 eadem
2317 1548 2423 1602 ros
2471 1540 2588 1603 tibi

486 1651 779 1714 dolorem
846 1651 1143 1715 minuere
1220 1651 1446 1734 possit.
1575 1653 1677 1714 Ex
1737 1652 1904 1715 Asia
1966 1652 2228 1716 rediens
2290 1673 2440 1716 cum
2505 1644 2590 1715 ab

486 1763 754 1844 Aegina
797 1766 1144 1846 Megaram
1187 1784 1419 1827 versus
1461 1764 1867 1846 navigarem,
1903 1775 2096 1846 coepi
2132 1764 2440 1846 regiones
2474 1765 2589 1828 cir-

486 1876 813 1939 cumcirca
867 1876 1267 1959 prospicere.
1392 1877 1549 1939 Post
1595 1885 1701 1938 mo
1747 1888 1889 1940 erat
1935 1878 2222 1958 Aegina,
2272 1887 2427 1939 ante
2482 1886 2588 1939 mo

491 1992 788 2069 Megara,
823 1989 1053 2051 dextro
1089 1990 1377 2065 Piraeus,
1414 1989 1680 2052 sinistra
1714 1989 2093 2065 CorinthuS‚
2129 2009 2298 2072 quae
2338 1990 2589 2072 oppida

486 2103 772 2185 quodam
826 2113 1126 2183 tempore
1173 2102 1640 2166 florentissima
1684 2104 1976 2178 fuorunt,
2025 2123 2201 2165 nunc
2256 2110 2589 2183 prostrata

487 2225 552 2277 et
585 2215 803 2277 diruta
841 2224 993 2277 ante
1037 2215 1263 2277 oculos
1303 2215 1539 2278 iacent.
1636 2216 1845 2296 Coepi
1886 2225 2153 2296 egomet
2189 2223 2450 2277 mecum
2494 2226 2587 2278 sic

487 2328 813 2408 cogitare:
880 2328 1136 2390 ‘Hemi
1202 2336 1324 2390 nos
1386 2328 1773 2391 homunculi
1831 2327 2273 2409 indignamur,
2331 2337 2387 2390 si
2439 2328 2587 2410 quis

485 2448 787 2503 nostrsim
841 2439 1088 2503 interiit
1142 2449 1256 2502 aut
1310 2450 1568 2503 occisus
1624 2451 1742 2516 est,
1796 2449 2074 2522 quorum
2129 2449 2265 2502 vita
2323 2439 2587 2503 brevior

485 2572 632 2615 esse
686 2552 901 2628 debet,
952 2573 1103 2615 cum
1154 2560 1286 2615 ono
1339 2553 1486 2616 loco
1537 2562 1636 2616 tot
1690 2553 2010 2634 oppidom
2066 2552 2393 2615 cadavera
2442 2561 2588 2633 pro-

484 2664 654 2727 iecta
708 2665 971 2727 iacent?
1060 2666 1270 2729 Visne
1331 2673 1402 2727 to
1458 2674 1541 2742 to,
1602 2667 1810 2740 Servi,
1867 2665 2176 2728 cohibere
2237 2674 2305 2728 et
2364 2665 2588 2728 memi-

485 2776 662 2840 nisse
695 2777 1031 2840 hominem
1066 2786 1131 2839 to
1163 2798 1308 2840 esse
1342 2784 1572 2840 notum
1592 2778 1641 2840 ?’
1731 2777 1945 2841 Crede
1977 2776 2156 2852 mihi,
2186 2776 2586 2857 cogitatione

485 2897 563 2951 ea
594 2897 725 2951 non
761 2889 1180 2951 mediocriter
1212 2910 1358 2952 sum
1397 2891 1849 2952 confirmatus.
1948 2888 2098 2951 Hoc
2141 2888 2336 2964 idem,
2372 2899 2428 2951 si
2468 2889 2588 2951 tibi

482 3001 758 3076 videtur,
794 3001 902 3063 fac
937 3010 1091 3063 ante
1130 3002 1353 3064 oculos
1395 3002 1516 3065 tibi
1551 3009 1903 3084 proponos.
2003 3001 2211 3065 Modo
2257 3008 2391 3063 ono
2426 3011 2587 3064 tem-

481 3195 581 3254 ret,
614 3215 662 3239 =
693 3202 870 3260 ageret,
905 3196 1108 3260 degeret.
1193 3210 1274 3259 32.
1312 3196 1509 3248 liberos
1561 3198 1798 3246 translate
1825 3197 1884 3246 in
1907 3198 1983 3245 the
2006 3197 2251 3245 direction
2275 3197 2339 3262 of
2353 3197 2586 3260 Megara.

485 3316 496 3327 .
523 3315 534 3327 .
562 3315 573 3327 .
597 3279 823 3341 pareret,
843 3279 1001 3344 meglzt
1019 3279 1204 3327 become
1225 3280 1300 3328 tlte
1324 3281 1511 3329 mother
1560 3279 1986 3338 —circumcirca‚
2004 3279 2182 3327 round
2186 3279 2365 3335 about,·
2392 3299 2440 3322 =
2457 3295 2589 3342 quae

483 3362 679 3426 ofsons.
753 3374 829 3423 34.
866 3361 1177 3420 ordinatim,
1203 3363 1287 3411 i.e.
1313 3379 1409 3411 one
1434 3362 1508 3410 of·
1562 3364 1896 3411 circumcirca
1947 3369 2110 3411 erant.
2211 3374 2292 3426 45.
2353 3361 2589 3425 quodam

484 3445 574 3491 fiee
599 3443 724 3492 after
749 3445 834 3492 the
863 3446 1023 3503 other,
1053 3461 1107 3493 as
1142 3446 1260 3508 they
1291 3446 1508 3494 reached
1560 3447 1817 3509 tempore,
1843 3461 1957 3493 once
1982 3452 2115 3508 upon
2140 3461 2172 3492 a
2196 3446 2331 3493 time.
2392 3457 2473 3505 49.
2503 3456 2587 3494 ca-

483 3528 567 3574 the
593 3543 686 3588 age
711 3527 769 3575 of
787 3527 1066 3591 eligibility3
1104 3529 1189 3576 the
1213 3528 1509 3577 Ciceronian
1561 3529 1774 3586 daverit,
1801 3529 1968 3576 ruins.
2039 3539 2116 3592 50.
2143 3526 2328 3586 Visne,
2352 3527 2466 3574 will
2481 3542 2590 3589 you

483 3611 619 3657 word
647 3611 687 3657 is
720 3611 913 3659 ordine.
984 3610 1062 3672 38.
1095 3610 1241 3669 haec,
1271 3612 1408 3660 what
1436 3628 1510 3660 we
1563 3621 1659 3660 not.
1730 3623 1807 3676 51.
1844 3608 2009 3660 Crede
2033 3609 2200 3658 mihi:
2240 3609 2416 3658 formal
2441 3625 2589 3673 prose

482 3708 574 3741 are
593 3709 704 3741 now
721 3694 980 3761 szgffering.
1035 3706 1115 3754 42.
1139 3705 1343 3752 versus,
1363 3695 1500 3752 adv.;
1561 3695 1653 3744 has
1703 3695 1833 3745 mila·
1882 3694 2037 3743 crede.
2147 3704 2225 3760 53.
2276 3692 2452 3750 Modo,
2504 3692 2596 3741 but
