2950 4150
402 805 456 852 ²5

399 1366 460 1408 30

400 1920 455 1968 35

393 2491 455 2534 40

391 3040 450 3088 45

512 223 629 319 10}
871 223 885 235 .
1003 266 1652 317 CORRESPONDENCE
1696 267 1786 315 OF
1829 266 2094 314 CICERO.

504 440 604 502 rit.
702 440 920 502 Prime
967 440 1056 502 ita
1107 448 1477 522 pflgnatum
1529 448 1633 501 est
1680 448 1754 501 ut
1803 438 2018 501 acrius
2066 447 2197 502 nen
2248 449 2477 521 posset
2523 460 2602 503 ex

504 558 783 634 utraque
834 561 1023 634 parte
1073 558 1374 633 psigneri.
1494 551 1642 616 Etsi
1693 551 2026 614 dexterius
2072 558 2305 626 cornfi,
2356 551 2420 613 in
2473 559 2603 633 que

505 685 631 745 ego
663 684 846 727 eram
879 684 1029 727 cum
1073 662 1356 727 Mertiae
1395 661 1676 744 legienis
1720 662 2104 726 cohortibu's
2145 670 2312 739 octe,
2348 663 2601 745 impetfi

506 784 720 858 prime
780 777 1134 857 fugaverat
1194 774 1526 856 legienem
1590 793 1790 837 xxxv.
1851 774 2126 849 Autem,
2186 784 2257 837 ut
2319 774 2603 855 amplius

506 896 745 969 passfis
803 889 886 951 D.
943 888 1117 950 ultra
1170 887 1400 962 aciem,
1451 895 1584 969 que
1637 887 1783 949 loce
1837 895 2128 961 steterat,
2187 887 2599 968 precesserit.

511 1001 745 1082 Itaque
795 1021 945 1064 cum
999 999 1256 1082 equites
1312 1008 1613 1062 nostrum
1669 1005 1875 1061 corni-1
1938 997 2282 1062 circumire
2336 998 2601 1074 vellent,

506 1112 800 1193 recipere
834 1120 939 1174 me
976 1121 1168 1193 coepi
1203 1120 1271 1174 et
1312 1110 1531 1173 levem
1577 1116 1981 1172 armatfiram
2028 1118 2368 1191 oppenere
2418 1111 2606 1173 Mau-

506 1232 725 1286 rerum
758 1223 1107 1306 equitibus,
1142 1231 1228 1285 ne
1258 1229 1531 1285 {verses
1563 1229 1826 1285 nostres
1863 1221 2404 1303 adgrederentur.
2501 1222 2606 1284 In-

507 1336 697 1398 terim
721 1336 913 1398 videe
945 1343 1052 1397 me
1082 1355 1231 1398 esse
1264 1335 1437 1397 inter
1462 1333 1890 1397 Antenianes
1916 1332 2418 1416 Anteniumque
2452 1344 2606 1415 post

506 1455 613 1509 me
663 1468 813 1511 esse
867 1447 1223 1529 aliquante.
1351 1446 1662 1528 Repente
1714 1465 1961 1528 equum
2017 1445 2259 1508 immisi
2317 1447 2402 1509 ad
2455 1466 2603 1509 eam

507 1560 833 1639 legienem
867 1567 1152 1622 tirenum
1186 1579 1357 1641 quae
1388 1558 1700 1622 veniebat
1731 1578 1813 1621 ex
1846 1567 2080 1621 castris
2113 1565 2301 1621 scfite
2338 1558 2599 1621 reiecte.

506 1672 875 1734 Anteniani
922 1679 1029 1734 me
1075 1680 1371 1753 insequ13
1428 1680 1642 1734 nostri
1690 1670 1825 1751 pila
1875 1670 2178 1734 conicere
2215 1660 2400 1733 velle.
2499 1671 2605 1733 Ita

506 1784 728 1847 nescis)
770 1791 902 1866 que
940 1784 1082 1846 sete
1124 1803 1271 1845 sum
1313 1789 1635 1867 servatus
1683 1783 1860 1864 quod
1908 1802 2053 1845 sum
2102 1782 2234 1845 cite
2277 1790 2316 1844 5.
2363 1791 2605 1845 nostris

505 1895 827 1976 cegnituS.
924 1896 1004 1958 In
1039 1895 1185 1977 ipse
1217 1894 1528 1971 Aemilia,
1565 1893 1677 1956 ubi
1718 1895 1958 1957 cohors
2002 1894 2308 1958 Caesaris
2350 1902 2604 1974 praete-

505 2006 598 2069 ria
630 2016 789 2083 erat,
824 2007 933 2069 diu
969 2013 1340 2090 pfignatum
1373 2015 1493 2069 est.
1577 2006 1800 2070 Cornfi
1837 2004 2224 2081 sinisteriuS,
2252 2006 2430 2087 quod
2462 2017 2605 2068 erat

503 2120 849 2195 infirmiuS,
899 2119 1012 2181 ubi
1062 2119 1346 2182 Martiae
1396 2118 1679 2200 legionis
1729 2118 1901 2181 duae
1945 2118 2250 2181 cohortes
2300 2127 2491 2180 erant
2538 2128 2606 2181 et

504 2224 740 2295 cohors
803 2230 1150 2322 praeteria,
1215 2231 1457 2312 pedem
1517 2231 1770 2293 referre
1840 2237 2205 2311 coeperunt
2272 2230 2450 2312 quod
2519 2229 2604 2292 ab

502 2344 797 2426 equitetfi
849 2342 1382 2419 circumibantur,
1431 2350 1565 2424 que
1608 2342 1715 2404 vel
1771 2341 2130 2422 plfirimum
2173 2341 2350 2404 valet
2396 2342 2606 2404 Ante-

501 2456 668 2518 niuS.
763 2456 932 2520 Cum
981 2461 1214 2518 omnes
1268 2462 1340 2517 se
1393 2453 1807 2536 recepissent
1859 2462 2071 2516 nostri
2115 2452 2399 2529 ordines,
2448 2453 2605 2516 reci-

502 2587 659 2649 pere
684 2574 790 2629 me
821 2566 1219 2631 novissimus
1251 2575 1444 2648 coepi
1475 2566 1561 2628 ad
1594 2574 1829 2628 castra.
1896 2564 2236 2628 Antenius
2261 2575 2601 2655 tamquam

501 2679 708 2743 victor
749 2689 969 2743 castra
1014 2678 1273 2761 putavit
1321 2686 1392 2742 se
1443 2698 1644 2760 posse
1694 2697 1971 2759 capere;
2029 2684 2163 2759 que
2209 2696 2359 2740 cum
2399 2676 2597 2751 venit,

499 2793 856 2874 complfiris
887 2791 978 2855 ibi
1008 2791 1226 2855 amisit
1257 2811 1381 2855 nec
1415 2790 1554 2872 egit
1586 2789 1957 2873 quicquam.

585 2905 840 2968 Audita
889 2911 960 2967 re
1012 2903 1271 2967 Hirtius
1318 2924 1472 2966 cum
1522 2902 1907 2965 cohortibus
1961 2920 2067 2965 xx.
2119 2908 2453 2965 veteranis
2506 2922 2601 2963 re-

497 3017 730 3081 deunti
780 3017 1081 3109 Antenie
1135 3016 1202 3078 in
1259 3036 1379 3078 sua
1432 3024 1651 3078 castra
1704 3014 1988 3077 occurrit
2042 3014 2404 3096 cepiesque
2460 3013 2600 3075 eius

497 3138 710 3191 omnis
764 3128 1007 3191 delevit
1060 3126 1451 3208 fugavitque
1507 3126 1741 3189 eedem
1790 3127 1938 3189 loce
1987 3125 2098 3189 ubi
2151 3134 2295 3189 erat
2350 3131 2602 3206 pfigna-
2675 3121 2692 3132 '

498 3295 679 3342 Forum
703 3292 976 3342 Gallorum.
1048 3304 1124 3355 23.
1153 3288 1515 3349 dexterius‚=
1576 3297 1627 3339 to
1651 3297 1845 3355 protect
1870 3291 1947 3340 his
1969 3290 2101 3340 back
2126 3291 2253 3340 from
2278 3292 2362 3340 the
2387 3289 2600 3339 missiles

496 3376 748 3435 dextrum,
768 3375 826 3424 of
837 3374 1004 3424 which
1028 3373 1067 3421 it
1090 3374 1130 3421 is
1154 3373 1238 3422 the
1265 3388 1521 3436 compara·
1574 3373 1631 3421 of
1663 3374 1748 3421 the
1785 3388 2031 3437 pursuers.
2115 3385 2195 3438 35.
2233 3370 2488 3431 Aemilia,
2523 3387 2591 3420 se.

495 3457 594 3506 tive
617 3457 760 3506 form.
847 3470 926 3520 32.
962 3454 1174 3512 castris,
1201 3470 1270 3503 sc.
1300 3457 1516 3503 Pansae.
1572 3456 1661 3503 via
1680 3472 1700 3509 ‚·
1758 3456 1857 3504 this
1910 3455 2108 3504 crossed
2163 3454 2415 3519 Cisalpine
2469 3453 2599 3503 Gaul

493 3538 795 3597 —reiecto,
833 3538 917 3586 i.e.
961 3553 1078 3585 over
1116 3537 1201 3584 the
1241 3537 1510 3595 shoulder;
1571 3536 1699 3586 from
1722 3538 2004 3586 Ariminum
2041 3544 2092 3586 to
2130 3537 2399 3595 Placentia,
2425 3538 2526 3585 and
2558 3535 2601 3585 is

493 3621 594 3670 this
616 3635 718 3670 was
747 3622 879 3670 done
907 3625 960 3667 to
993 3625 1199 3683 prevent
1226 3619 1381 3680 being
1402 3618 1518 3666 mis·
1571 3635 1697 3667 even
1713 3637 1824 3668 now
1841 3621 1890 3668 in
1910 3636 2013 3669 use.
2056 3631 2138 3679 41.
2161 3617 2602 3677 novissimus,the

493 3701 650 3751 taken
678 3700 743 3766 by
765 3700 844 3749 his
871 3717 984 3749 own
1014 3716 1132 3749 men
1161 3700 1236 3749 for
1268 3716 1297 3748 a
1333 3700 1430 3759 foe,
1463 3716 1520 3747 or
1570 3701 1668 3749 last
1687 3704 1750 3767 of
1759 3703 1845 3750 all.
1904 3701 1985 3763 46.
2010 3700 2232 3760 delevit,
2259 3700 2600 3751 annihilated.
