2950 4150
964 269 1287 330 WANTED‚
1331 273 1380 320 A
1425 271 1877 321 PANEGYRIST.
2389 277 2471 340 43

371 452 515 507 tum
546 442 983 507 Themistocli
1013 443 1179 525 fuge
1212 444 1523 527 exitfique
1557 445 1918 507 retinetur?
2013 445 2281 508 Etenim
2313 447 2476 509 erde

374 556 518 638 ipse
564 556 904 619 annelium
958 556 1377 620 mediocriter
1432 565 1554 619 nes
1609 557 1847 620 retinet
1896 558 2088 639 quasi
2138 566 2476 621 enumere-

374 669 553 732 tiene
613 670 957 732 festerum.
1081 668 1179 732 At
1238 669 1363 732 viri
1422 679 1625 751 saepe
1694 670 2075 734 excellentis
2152 670 2474 752 ancipites
2520 694 2577 740 75

372 780 667 863 variique
728 789 924 844 cessis
986 781 1236 844 habent
1303 781 1825 859 admiratienem,
1889 782 2471 863 exspectatienem,

374 893 709 969 laetitiam,
759 893 1150 970 molestiam,
1197 914 1405 975 spem,
1453 894 1794 971 timerem3
1845 902 2093 958 si·ver6
2139 896 2314 959 exiti]
2363 916 2474 958 no-

372 1005 556 1068 tebili
589 1006 1090 1082 conclfiduntur,
1126 1006 1428 1086 expletur
1459 1006 1720 1070 animus
1752 1007 2224 1071 ificundissime
2257 1008 2474 1073 lectis)-

373 1117 477 1180 nis
524 1117 885 1199 voluptete.
980 1117 1136 1200 Que
1186 1117 1348 1180 mihi
1397 1118 1710 1181 acciderit
1758 1119 2066 1200 optetiuS,
2118 1130 2175 1181 si
2225 1120 2291 1182 in
2348 1121 2471 1183 hec

374 1230 705 1294 sententie
750 1229 974 1307 fueriS,
1010 1239 1083 1294 ut
1123 1237 1163 1292 εἳ
1206 1230 1699 1294 continentibus
1744 1240 1875 1294 tuis
1911 1242 2192 1313 scriptTS,
2228 1232 2294 1294 in
2338 1233 2472 1315 qui·
2520 1252 2578 1294 80

371 1343 496 1405 bus
536 1352 930 1426 perpetuam
968 1350 1187 1405 rerum
1225 1349 1566 1424 gestarum
1611 1343 1950 1433 historiam
1989 1345 2468 1426 complecteriS,

374 1462 682 1519 secernis
729 1455 901 1518 hanc
947 1455 1138 1537 quasi
1182 1454 1480 1517 fabulam
1528 1462 1748 1518 rerum
1796 1463 2316 1540 eventorumque
2363 1478 2474 1520 no-

373 1576 676 1631 strerum.
774 1567 1002 1630 Habet
1043 1567 1218 1629 enim
1259 1567 1480 1631 varies
1525 1575 1715 1631 ectfis
1758 1569 2132 1651 multesque
2178 1570 2472 1633 ectienes

372 1690 438 1743 et
470 1680 892 1744 censilierum
935 1689 1002 1743 et
1042 1689 1439 1761 temporum.
1533 1681 1640 1743 Ac
1684 1688 1816 1743 nen
1847 1701 2082 1745 vereor
2120 1689 2204 1743 ne
2242 1682 2473 1744 adsen-

370 1793 737 1856 tatiuncula
782 1792 1070 1874 quedam
1118 1799 1437 1873 aucuper'i
1483 1801 1667 1854 tuam
1716 1792 1998 1874 gretiam
2046 1792 2274 1855 videar
2318 1814 2468 1856 cum
2518 1810 2573 1865 85

373 1907 498 1968 hec
521 1905 990 1980 demenstrem,
1017 1912 1124 1966 me
1155 1912 1193 1967 ἑ
1227 1911 1293 1968 te
1324 1904 1744 1985 potissimum
1775 1912 1997 1967 erneri
2021 1905 2469 1988 celebrerique

369 2017 556 2081 velle.
654 2018 891 2100 Neque
938 2016 1114 2080 enim
1154 2025 1227 2080 tfi
1271 2016 1326 2080 is
1365 2036 1437 2080 es
1481 2026 1596 2100 qui
1633 2004 1791 2100 quid
1832 2027 1921 2081 sis
1962 2017 2220 2082 nescies
2261 2028 2473 2102 etqui

372 2139 504 2192 nen
538 2138 652 2193 ees
684 2130 900 2211 magis
931 2140 1041 2212 qui
1073 2138 1141 2192 te
1181 2138 1315 2193 nen
1360 2130 1771 2193 admirentur
1811 2129 2068 2194 invides
2112 2152 2311 2214 quam
2356 2140 2469 2195 ees

371 2252 485 2325 qui
542 2243 816 2305 laudent
875 2242 1330 2305 adsenteteres
1386 2242 1738 2319 arbitrere;
1796 2262 2012 2324 neque
2066 2253 2288 2305 autem
2343 2263 2469 2325 ego

370 2374 516 2417 sum
571 2355 664 2418 ita
717 2356 992 2417 demens
1046 2364 1119 2417 ut
1179 2362 1286 2416 me
1339 2354 1787 2436 sempiternae
1840 2355 2089 2437 gleriae
2144 2375 2265 2436 per
2317 2376 2468 2417 eum
2515 2380 2576 2423 90

369 2468 824 2531 commendari
849 2467 1047 2529 velim
1087 2476 1200 2549 qui
1235 2474 1367 2530 nen
1408 2466 1553 2548 ipse
1594 2487 1859 2550 quoque
1901 2467 1968 2529 in
2003 2474 2110 2529 me
2141 2488 2469 2530 commen-

368 2580 590 2643 dande
639 2579 975 2662 propriam
1025 2578 1257 2661 ingeni
1307 2579 1587 2661 gleriam
1640 2587 2099 2662 censequetur.
2229 2581 2469 2663 Neque

369 2692 547 2755 enim
580 2692 966 2755 Alexander
996 2691 1104 2754 ille
1135 2691 1390 2772 gretiae
1423 2698 1624 2755 cause
1656 2692 1739 2755 ab
1773 2692 2016 2774 Apelle
2049 2691 2467 2774 potissimum

371 2804 559 2887 pingi
590 2814 656 2868 et
688 2812 726 2867 ‘a
763 2804 1062 2887 Lysippe
1094 2804 1258 2885 fingi
1285 2804 1571 2880 volebat,
1607 2805 1723 2867 sed
1756 2805 1933 2887 quod
1966 2805 2222 2867 illerum
2258 2815 2468 2869 artem

368 2937 517 2979 cum
563 2918 742 2998 ipsis
776 2926 916 2979 tum
958 2915 1157 2979 etiam
1201 2915 1326 2978 sibi
1363 2916 1611 2997 gleriae
1658 2918 1802 2979 fore
1850 2917 2145 2999 putebat.
2239 2919 2469 3000 Atque
2515 2937 2571 2984 95

366 3028 460 3090 illi
506 3029 791 3092 artifices
846 3028 1141 3110 corporis
1195 3028 1549 3091 simulacra
1599 3038 1844 3110 Tgnetis
1897 3037 2057 3093 neta
2109 3030 2466 3106 faciebant,

363 3231 521 3273 teresi.
595 3236 672 3289 73.
703 3225 845 3283 ordo,
870 3224 1131 3275 chronicle.
1201 3237 1279 3290 75.
1311 3222 1392 3275 fa·
1445 3225 1581 3284 cula,
1606 3242 1638 3273 a
1663 3227 1784 3275 little
1793 3227 2021 3290 flattery.
2089 3226 2169 3291 85.
2197 3225 2470 3290 aucupari,

364 3307 589 3366 storum,
612 3308 690 3356 the
711 3308 964 3356 calendar.
1041 3321 1118 3371 79.
1153 3306 1264 3374 Quo
1294 3344 1307 3357 .
1337 3344 1348 3356 .
1380 3344 1392 3356 .
1444 3315 1491 3356 to
1514 3308 1910 3374 befislzingfhr,·
1940 3308 2164 3371 literally,
2189 3316 2234 3356 to
2247 3309 2469 3374 gofowl-

363 3389 628 3454 optatius‚
663 3391 702 3438 J
726 3391 859 3438 shall
887 3390 1127 3455 therefore
1165 3391 1394 3439 consider
1447 3392 1542 3455 ing
1548 3392 1655 3456 fhr.
1724 3404 1804 3453 93.
1839 3390 2049 3456 gratiae
2073 3404 2249 3449 causa,
2276 3391 2471 3438 because

364 3474 552 3539 myself
613 3473 692 3521 all
758 3474 835 3521 the
904 3489 1039 3521 more
1102 3473 1385 3539 fhrtunate.
1445 3474 1509 3539 of
1538 3475 1619 3522 his
1662 3474 1834 3539 liking
1863 3477 1958 3540 for
2001 3475 2147 3522 them.
2175 3501 2241 3509 —
2262 3472 2469 3537 Apelle,

364 3556 444 3605 82.
506 3553 773 3616 fabulam,
834 3556 1036 3603 drama.
1076 3582 1139 3591 —
1175 3557 1390 3608 evento·
1445 3557 1531 3604 the
1555 3564 1683 3605 most
1713 3557 1907 3605 famous
1940 3557 1999 3605 of
2026 3557 2194 3606 Greek
2230 3557 2463 3620 painters.

362 3651 498 3696 rum,
526 3638 780 3703 fortunes.
867 3637 946 3700 83.
979 3637 1152 3697 actus,
1187 3646 1303 3688 acts.
1326 3666 1393 3675 ——
1444 3653 1524 3700 94.
1571 3639 1848 3703 Lysippo:
1910 3640 1988 3688 his
2031 3640 2215 3687 bronze
2265 3639 2471 3704 portrait

360 3720 621 3780 actiones,
644 3736 818 3769 scenes.
900 3719 980 3781 84.
1015 3720 1390 3772 adsentatiun-
1443 3728 1630 3771 statues
1664 3738 1791 3770 were
1829 3721 2034 3770 famous.
2125 3721 2208 3784 96.
2249 3720 2472 3786 ignotis,
