2950 4150
645 279 795 327 THE
838 277 1277 327 DEDICATION
1321 277 1411 326 OF
1457 277 1789 327 POMPEY'S
1833 277 2183 328 THEATER.
2387 280 2459 346 51

360 454 875 536 elephanterum
917 452 1060 515 dies
1108 451 1254 528 fuit,
1300 452 1368 514 in
1419 460 1552 534 que
1602 452 1950 515 admiretie
1999 460 2244 533 megna
2283 453 2469 534 vulgi

362 577 564 649 atque
596 566 851 641 turbae,
886 565 1240 628 delectetie
1272 564 1456 626 nella
1488 564 1750 627 exstitit.
1833 564 2012 647 Quin
2046 565 2244 627 etiam
2278 564 2467 628 mise·
2512 585 2571 632 50

362 677 647 743 ricordia
679 678 1006 761 quaedam
1042 685 1401 740 censecfita
1432 686 1534 739 est
1572 687 1772 759 atque
1815 677 2039 759 opinie
2080 676 2221 740 eius
2264 677 2462 753 modi,

364 812 511 854 esse
555 790 891 873 quandam
935 789 1028 852 illi
1076 790 1311 852 beluae
1361 809 1514 852 cum
1565 809 1811 870 genere
1858 790 2151 852 hemene
2197 790 2467 853 societe-

362 914 516 967 tem.
615 905 744 966 His
791 923 919 984 ego
967 912 1191 965 tamen
1242 901 1494 978 diebuS,
1544 902 1716 964 ledis
1767 902 2107 978 scaenicYS,
2159 910 2243 965 ne
2291 903 2465 966 forte

361 1016 592 1080 videar
634 1014 757 1078 tibi
802 1022 935 1077 nen
987 1014 1184 1077 modo
1235 1015 1488 1090 beetUS,
1540 1015 1656 1077 sed
1708 1014 1873 1078 liber
1919 1023 2190 1078 omnine
2234 1015 2462 1090 fuisse,

363 1128 583 1209 dirfipi
625 1135 731 1189 me
773 1147 989 1209 paene
1035 1126 1102 1189 in
1150 1126 1393 1189 ifidicie
1441 1126 1619 1189 Galli
1665 1126 1921 1200 Canini,
1957 1127 2303 1189 familieris
2348 1137 2461 1190 tui.
2514 1145 2570 1192 55

365 1240 566 1323 Quod
606 1251 662 1303 si
698 1249 835 1302 tam
877 1239 1144 1302 facilem
1188 1238 1510 1320 populum
1555 1239 1868 1302 haberem
1912 1260 2111 1322 quam
2150 1240 2466 1321 Aesepus

365 1353 616 1429 habuit,
669 1353 950 1415 libenter
995 1353 1376 1415 mehercule
1427 1362 1636 1414 artem
1688 1352 2058 1415 desinerem
2114 1360 2466 1435 tecumque

364 1476 433 1529 et
475 1486 627 1529 cum
670 1464 991 1528 similibus
1034 1473 1246 1527 nostri
1281 1473 1589 1527 viverem.
1688 1465 1865 1527 Nam
1914 1472 2020 1527 me
2068 1486 2218 1528 cum
2269 1473 2468 1528 antee

362 1578 695 1654 taedebat,
729 1598 880 1640 cum
913 1586 979 1639 et
1013 1583 1199 1639 aetes
1231 1585 1297 1638 et
1328 1576 1602 1639 ambitie
1639 1584 1746 1639 me
1785 1561 2172 1640 hortabatur
2214 1588 2280 1640 et
2321 1578 2467 1641 lice-

365 1691 480 1754 bat
509 1689 796 1772 denique
830 1709 1024 1772 quem
1060 1688 1368 1751 nelebam
1401 1697 1536 1751 nen
1569 1690 1949 1765 defendere,
1977 1699 2118 1752 tum
2149 1697 2308 1753 vere
2340 1691 2476 1763 hec
2513 1702 2573 1745 60

365 1813 666 1885 tempore
689 1812 827 1865 vita
851 1802 1034 1864 nella
1057 1810 1176 1864 est.
1246 1802 1484 1883 Neque
1518 1801 1692 1864 enim
1727 1803 2019 1865 frfictum
2054 1802 2259 1865 fillum
2293 1803 2469 1864 labe·

364 1915 453 1977 ris
479 1922 812 1996 exspecte,
840 1923 905 1976 et
929 1922 1135 1994 cegor
1158 1922 1293 1976 nen
1320 1896 1681 1996 numquam
1717 1914 2018 1977 homines
2051 1922 2183 1977 nen
2217 1914 2468 1996 optime

367 2028 453 2091 de
484 2034 590 2090 me
621 2026 891 2091 merites
922 2033 1161 2108 rogete
1195 2034 1422 2090 eerum
1455 2036 1569 2109 qui
1600 2027 1770 2091 bene
1803 2026 2020 2090 meriti
2050 2036 2205 2090 sunt
2243 2027 2469 2090 defen-

366 2141 542 2203 dere.
656 2141 891 2222 Itaque
944 2147 1193 2222 quaere
1240 2147 1480 2202 causes
1534 2150 1749 2203 omnis
1803 2140 2160 2222 aliquande
2202 2141 2470 2203 vivendi

365 2252 684 2315 arbitrete
717 2260 867 2315 mee
902 2259 1102 2334 teque
1149 2261 1216 2314 et
1262 2252 1457 2314 istam
1506 2251 1829 2315 ratienem
1878 2260 1971 2315 eti
2014 2262 2112 2314 tui
2157 2262 2222 2314 et
2270 2252 2469 2315 laude
2514 2261 2569 2318 65

362 2364 797 2427 vehementer
828 2373 894 2426 et
926 2364 1155 2446 probe,
1190 2363 1503 2446 quodque
1540 2372 1662 2427 nes
1701 2364 1919 2426 minus
1956 2363 2304 2439 intervisis,
2342 2364 2466 2427 hec

364 2476 513 2540 fere
543 2476 767 2539 anime
797 2475 1125 2559 aequiere,
1152 2476 1349 2558 quod,
1378 2486 1434 2539 si
1468 2478 1724 2540 Remae
1755 2484 1957 2552 esses,
1990 2485 2217 2539 tamen
2249 2496 2466 2559 neque

365 2596 488 2651 nes
531 2589 759 2670 lepere
799 2596 916 2652 tue
955 2608 1174 2671 neque
1210 2597 1459 2652 te—si
1499 2599 1613 2671 qui
1650 2598 1752 2652 est
1793 2588 1860 2651 in
1904 2597 2121 2651 me—
2144 2597 2294 2651 mee
2335 2589 2469 2651 frui

364 2701 591 2764 liceret
631 2709 907 2783 propter
950 2701 1452 2765 molestissimas
1499 2701 1968 2783 occupetienes
2015 2708 2215 2764 mees.
2310 2700 2468 2784 Qui-

363 2813 489 2876 bus
515 2823 571 2877 εἰ
593 2821 700 2876 me
725 2813 1295 2876 relaxere—nam
1329 2823 1402 2877 ut
1434 2814 1633 2896 plene
1666 2814 2002 2877 exsolvam
2035 2822 2169 2877 nen
2203 2813 2467 2895 postule
2513 2833 2573 2876 70

363 2963 468 3001 —,
503 2933 569 2989 te
600 2925 840 3009 ipsum,
870 2936 988 3008 qui
1018 2927 1261 2989 multes
1301 2934 1514 2989 annes
1553 2925 1715 2989 nihil
1755 2926 1931 2989 aliud
1974 2927 2461 3002 commenteris,

365 3037 622 3101 docebe
666 3038 972 3120 profecte
1018 3038 1177 3121 quid
1225 3037 1309 3101 sit
1357 3038 1735 3101 hemeniter
1778 3048 2018 3102 vivere.
2112 3040 2217 3101 Τῡ
2268 3039 2465 3101 modo

365 3149 558 3211 istam
599 3149 1117 3214 imbecillitetem
1153 3150 1555 3214 valetedinis
1599 3160 1755 3215 tuae
1802 3158 2104 3214 sustente
2146 3161 2214 3214 et
2257 3159 2462 3226 tuere,

356 3311 532 3372 pieces.
586 3322 665 3371 49.
690 3309 844 3374 vulgi
861 3310 1027 3374 atque
1044 3310 1250 3369 turbae,
1269 3327 1389 3359 com-
1440 3327 1546 3360 aec.
1619 3311 1739 3360 with
1823 3311 2050 3361 desinere
2131 3310 2184 3359 in
2266 3310 2458 3358 Cicero,

364 3408 479 3440 mon
502 3392 638 3440 hercl.
709 3404 787 3457 55.
822 3391 967 3444 Galli
989 3391 1201 3451 Canini,
1225 3409 1388 3456 cogno-
1441 3393 1521 3442 68.
1567 3393 1761 3457 lepore,
1806 3394 2056 3459 agreeable
2099 3393 2458 3441 conversation.

364 3491 479 3524 men
510 3476 611 3523 and
644 3491 840 3533 nomen,
870 3475 956 3524 the
987 3476 1126 3524 usual
1160 3476 1305 3524 order
1336 3476 1387 3524 in
1444 3488 1521 3539 70.
1556 3488 1643 3525 me
1671 3477 1929 3536 relaxaro,
1954 3477 1993 3524 I
2014 3476 2182 3524 obtain
2208 3491 2336 3524 some
2366 3490 2464 3522 res·

364 3557 576 3607 familiar
606 3557 753 3606 Latin
778 3558 926 3606 when
958 3558 1043 3606 the
1069 3565 1387 3621 praenomen
1430 3560 1553 3622 pite.
1638 3569 1714 3622 71.
1755 3557 2154 3617 commentaris,
2188 3558 2316 3606 have
2350 3557 2465 3606 been

361 3640 403 3688 is
450 3640 674 3689 omitted.
761 3640 839 3706 56.
885 3638 1122 3700 facilem,
1167 3641 1379 3707 willing.
1439 3641 1693 3705 studying.
1790 3655 1866 3705 72.
1918 3639 2228 3691 humaniter
2265 3638 2463 3701 vivere,

363 3735 441 3788 57.
476 3722 667 3783 artem,
698 3723 785 3772 the
821 3722 937 3787 only
972 3723 1197 3773 instance
1231 3721 1287 3772 of
1323 3740 1389 3773 an
1439 3731 1486 3773 to
1512 3724 1614 3773 live
1646 3740 1678 3772 a
1714 3724 1803 3790 life
1835 3724 2243 3790 cffgentlemanly
2266 3724 2464 3773 leisure.
