2950 4150
956 267 1278 325 wANTED,
1322 267 1372 315 A
1418 266 1873 319 PANEvasT.
2385 275 2465 337 41

365 443 539 506 bella
593 449 1086 524 separaverunt,
1133 448 1206 502 tu
1254 460 1519 523 quoque
1566 441 1723 504 item
1771 442 2030 506 civilem
2085 444 2474 507 coniuratio-
2521 465 2575 512 25

366 575 520 619 nem
564 555 649 617 ab
681 553 1029 617 hostilibus
1075 562 1500 634 externisque
1546 553 1736 616 bellis
1778 554 2179 635 seiungeres.
2278 556 2473 638 Equi-

366 668 519 730 dem
569 667 653 729 ad
701 675 997 729 nostram
1048 664 1311 727 laudem
1366 673 1500 727 non
1556 666 1836 728 multum
1882 666 2080 730 vides)
2128 667 2467 744 interesse,

367 779 486 842 sed
532 779 619 841 ad
665 777 1201 859 properationem
1250 797 1465 839 meam
1514 777 1830 859 quiddam
1880 778 2175 856 interest,
2225 788 2358 842 non
2392 788 2472 843 .ῒέ

367 898 755 972 exspectare
786 890 944 952 dum
978 889 1063 952 ad
1096 889 1312 952 locum
1333 889 1593 964 venias,
1622 910 1697 953 ac
1733 889 1954 953 statim
1987 911 2257 954 causam
2290 892 2470 954 illam

367 1011 575 1066 totam
609 1012 675 1065 et
705 1012 972 1083 tempus
1005 1001 1330 1083 adripere,
1365 1011 1432 1064 et
1470 1001 1682 1076 simul,
1719 1011 1776 1063 si
1808 1009 1941 1064 ῡῐιὸ
1977 1002 2044 1065 in
2076 1011 2472 1084 argumento
2518 1028 2577 1073 30

369 1122 634 1197 unaque
671 1114 738 1176 in
782 1121 1070 1196 persona
1113 1121 1302 1175 mens
1344 1123 1459 1176 tua
1500 1122 1641 1176 tota
1680 1114 2069 1191 versabitur,
2105 1124 2305 1178 cerno
2339 1116 2468 1179 iam

368 1228 592 1291 animo
644 1235 898 1309 quanto
950 1226 1173 1290 omnia
1230 1225 1535 1289 liberiora
1596 1235 1796 1308 atque
1857 1227 2191 1290 ornatiora
2243 1228 2472 1291 futura

368 1341 517 1403 sint.
630 1341 867 1421 Neque
915 1349 1139 1402 tamen
1183 1346 1420 1419 ignoro
1472 1358 1674 1420 quam
1728 1338 2150 1419 impudenter
2202 1340 2467 1416 faciam,

368 1463 484 1535 qui
519 1462 804 1534 primum
846 1451 967 1514 tibi
1003 1460 1262 1514 tantum
1306 1450 1528 1513 oneris
1570 1450 2254 1533 imponam—potest
2290 1452 2468 1516 enim

368 1564 530 1626 mihi
574 1565 909 1645 denegare
956 1563 1304 1644 occupatio
1349 1573 1464 1626 tua
1485 1599 1588 1638 —‚
1627 1562 1867 1625 deinde
1914 1563 2113 1626 etiam
2157 1574 2230 1627 ut
2273 1572 2471 1628 ornes
2516 1585 2573 1632 35

368 1684 476 1739 me
521 1675 871 1759 postulem.
965 1675 1145 1757 Quid
1188 1685 1245 1737 si
1285 1674 1396 1737 illa
1437 1674 1557 1738 tibi
1603 1682 1736 1737 non
1774 1683 1961 1737 tanto
2005 1695 2207 1757 opere
2247 1676 2470 1739 viden-

368 1799 475 1852 tur
519 1789 863 1852 ornanda?
955 1787 1089 1852 Sed
1134 1796 1361 1850 tamen
1408 1797 1524 1868 qui
1570 1787 1777 1850 semel
1822 1787 2262 1851 verecundiae
2310 1789 2468 1852 finis

365 1896 717 1975 transierit,
767 1920 920 1963 eum
974 1900 1144 1963 bene
1190 1908 1257 1962 et
1302 1899 1561 1962 naviter
1609 1908 1873 1981 oportet
1926 1919 2073 1963 esse
2126 1900 2468 1982 impuden-

367 2023 520 2077 tem.
647 2013 886 2096 Itaque
932 2019 998 2076 te
1044 2013 1242 2094 plane
1294 2011 1495 2075 etiam
1551 2021 1752 2095 atque
1805 2009 2003 2075 etiam
2058 2021 2223 2095 rogo
2275 2023 2346 2077 ut
2400 2023 2468 2079 et

364 2133 561 2189 ornes
602 2146 685 2188 ea
714 2124 1176 2188 vehementius
1217 2123 1416 2187 etiam
1460 2145 1661 2207 quam
1704 2125 1990 2188 fortasse
2033 2136 2256 2202 sentiS‚
2291 2137 2358 2189 et
2398 2127 2465 2189 in
2511 2148 2573 2192 40

365 2245 447 2300 eo
499 2238 684 2319 leges
739 2236 1052 2299 historiae
1107 2237 1447 2319 neglegaS,
1500 2236 1916 2319 gratiamque
1964 2237 2144 2299 illam
2197 2238 2281 2301 de
2335 2246 2467 2321 qua

365 2349 753 2412 suavissime
818 2349 1107 2430 quodam
1169 2349 1236 2411 in
1298 2349 1641 2430 prooemio
1706 2348 2045 2431 scripsisti,
2108 2357 2148 2412 a
2209 2357 2340 2432 qua
2397 2358 2466 2413 te

365 2463 541 2526 flecti
583 2472 717 2526 non
764 2463 979 2545 magis
1028 2463 1324 2545 potuisse
1374 2463 1791 2526 demonstras
1844 2483 2044 2545 quam
2102 2464 2464 2526 Herculem

365 2575 912 2657 Xenophontium
960 2575 1141 2638 illum
1179 2583 1219 2638 a
1249 2576 1632 2657 Voluptate,
1672 2596 1840 2652 earn,
1878 2585 1935 2639 si
1974 2583 2082 2638 me
2116 2575 2238 2638 tibi
2270 2576 2466 2639 vehe-

363 2688 651 2752 mentius
704 2687 1217 2763 commendabit‚
1274 2695 1360 2750 ne
1414 2695 1789 2769 aspernere,
1843 2696 2182 2770 amorique
2235 2697 2464 2751 nostro
2509 2705 2566 2752 45

363 2800 739 2882 plusculum
771 2799 973 2863 etiam
1006 2820 1206 2882 quam
1239 2800 1561 2863 concedet
1591 2799 1836 2863 veritas
1867 2799 2165 2881 largiare.
2262 2800 2462 2883 Quod

362 2922 419 2974 si
441 2919 508 2975 te
532 2912 938 2975 adducemus
971 2921 1043 2975 ut
1076 2912 1202 2975 hoc
1235 2911 1580 2994 suscipias
1607 2912 1748 2988 erit,
1775 2921 1846 2974 ut
1880 2912 2041 2975 mihi
2071 2913 2459 2994 persuadeo,

362 3072 439 3124 25.
477 3057 915 3117 coniurationem,
939 3056 1048 3105 that
1071 3056 1129 3104 of
1149 3055 1378 3105 Catiline.
1439 3060 1690 3124 candidly.
1747 3073 1827 3122 40.
1852 3058 2045 3118 sentis,
2059 3077 2164 3123 you
2187 3060 2335 3108 think
2355 3061 2464 3123 they

362 3144 443 3194 28.
477 3144 930 3209 properationem,
954 3144 1016 3194 cf.
1035 3144 1378 3211 festinationi.
1436 3142 1647 3191 deserve.
1707 3157 1787 3205 42.
1811 3141 2100 3206 prooemio,
2113 3143 2461 3211 preface.—a

363 3240 439 3289 29.
476 3227 668 3286 locum,
691 3228 771 3278 i.e.
799 3228 885 3276 the
916 3228 1059 3292 place
1091 3227 1144 3276 in
1175 3227 1253 3276 his
1286 3227 1384 3275 his·
1437 3239 1559 3290 qua,
1578 3227 1771 3275 instead
1791 3225 1985 3290 Osqua,
2004 3231 2055 3274 to
2079 3225 2383 3289 correspond
2408 3230 2459 3272 to

360 3316 468 3373 tory
502 3311 669 3359 where
706 3311 792 3360 the
829 3317 1044 3359 account
1078 3309 1136 3358 of
1165 3309 1386 3359 Cicero's
1436 3325 1469 3356 a
1504 3309 1756 3372 Voluptate
1772 3325 1793 3363 ,·
1830 3308 2047 3372 perhaps
2071 3309 2249 3372 gratia
2282 3306 2386 3354 also
2419 3306 2461 3354 is

360 3394 649 3457 consulship
672 3394 837 3443 would
864 3394 1104 3457 naturally
1127 3395 1190 3442 be
1213 3394 1380 3456 given.
1436 3392 1752 3456 personified.
1858 3406 1939 3451 44.
1996 3387 2454 3453 Xenophontium,

360 3488 438 3537 30.
463 3476 796 3540 argumento,
820 3477 988 3525 theme.
1059 3489 1135 3541 35.
1165 3488 1384 3540 occupa-
1435 3491 1495 3522 as
1525 3474 1798 3536 Xenophon
1834 3473 1936 3520 tells·
1973 3489 2033 3520 us
2045 3489 2068 3528 ,·
2115 3472 2201 3520 the
2240 3469 2370 3519 fable
2407 3469 2467 3518 of

356 3557 454 3616 tio,
479 3567 828 3623 engagements.
904 3572 981 3623 37.
1013 3557 1382 3616 verecundiae,
1437 3554 1701 3605 Hercules'
1726 3555 1901 3604 choice
1936 3556 2167 3602 between
2197 3554 2335 3615 Duty
2357 3553 2458 3600 and

358 3640 421 3688 cf.
461 3642 645 3704 pudor.
742 3641 820 3704 38.
870 3642 1005 3691 bene
1051 3641 1108 3692 et
1145 3639 1378 3699 naviter,
1438 3639 1667 3687 Pleasure
1708 3639 1749 3685 is
1789 3638 1893 3685 told
1935 3638 1986 3684 in
2027 3636 2112 3685 the
2149 3635 2457 3684 Memorabi-

357 3724 644 3792 tleoroughly
658 3725 1067 3791 andcompletely.
1107 3737 1183 3786 39.
1202 3723 1383 3790 plane,
1434 3722 1759 3779 lica—eam,
1784 3734 2004 3766 resumes
2028 3719 2257 3786 gratiam
2296 3718 2457 3768 illam.
