2950 4150
374 675 435 722 50

373 1237 430 1284 55

364 2921 424 2963 70

478 260 562 321 42
985 253 1635 303 CORRESPONDENCE
1678 255 1768 305 OF
1811 255 2082 306 CICERO.

481 427 790 492 materies
822 428 1025 509 digna
1055 428 1375 491 facultate
1405 438 1473 491 et
1505 428 1696 510 copia
1727 436 1860 491 tufi.
1955 411 2022 491 Ᾰ
2048 428 2375 511 principio
2407 429 2583 492 enim

480 540 953 604 conifirfitionis
1009 548 1218 623 sisque
1272 541 1357 603 ad
1418 540 1703 603 reditum
1758 551 2057 603 nostrum
2109 541 2371 604 videtur
2424 543 2586 605 mihi

480 653 811 717 modicum
859 653 1192 735 quoddam
1242 673 1485 735 corpus
1533 653 1768 716 confici
1815 673 2031 735 posse,
2072 653 2139 715 in
2186 661 2319 735 quo
2364 664 2430 718 et
2476 655 2586 718 illa

478 765 728 847 poteris
762 773 858 827 fiti
888 766 1175 828 civilium
1210 764 1804 828 commfitfitionum
1839 764 2116 828 scientia
2147 766 2254 828 vel
2287 766 2354 828 in
2388 768 2588 849 expli-

478 878 709 941 candis
742 887 959 941 causis
1002 885 1220 940 rerum
1263 885 1585 941 novarum
1627 878 1733 943 ‚vel
1773 877 1840 939 in
1880 877 2188 941 remediis
2230 878 2587 942 incommo-

478 991 732 1066 dorum,
768 1010 918 1053 cum
951 999 1017 1052 et
1059 989 1510 1071 reprehendes
1552 1009 1632 1052 ea
1679 1009 1850 1072 quae
1891 990 2333 1071 vituperanda
2378 991 2586 1054 doces

479 1112 544 1164 et
585 1122 757 1184 quae
804 1102 1162 1184 placebunt
1209 1101 1622 1183 exponendis
1667 1101 2031 1164 rationibus
2077 1103 2582 1184 comprobabi&

457 1223 545 1277 ,et
588 1224 645 1276 si
685 1213 972 1289 liberiuS‚
1010 1224 1081 1276 ut
1123 1220 1474 1288 consuesti,
1517 1213 1852 1294 agendum
1900 1213 2183 1295 putabis
2226 1216 2582 1277 multorum

478 1326 545 1388 in
577 1334 700 1388 nos
731 1326 1097 1408 perfidiam,
1121 1325 1413 1401 insidias
1448 1324 1889 1406 proditionem
1921 1325 2202 1389 notabis,
2299 1326 2582 1390 Multam

478 1438 677 1500 etiam
710 1445 906 1501 efisfis
943 1448 1152 1501 nostri
1183 1437 1571 1501 varietatem
1612 1436 1732 1499 tibi
1773 1437 1840 1499 in
1884 1438 2237 1500 scribendo
2275 1440 2585 1521 suppedi-

475 1550 714 1612 tabunt
768 1551 1036 1632 plenam
1090 1549 1435 1614 efiiusdam
1489 1548 1870 1630 voluptatis,
1924 1569 2095 1631 quae
2148 1551 2583 1614 vehementer

475 1662 732 1726 animos
779 1662 1118 1726 hominum
1164 1662 1230 1724 in
1273 1661 1560 1743 legendo
1600 1668 1668 1723 te
1714 1669 2034 1742 scriptore
2076 1670 2305 1725 tenere
2348 1664 2577 1745 possit.

479 1774 664 1838 Nihil
715 1784 819 1838 est
867 1775 1044 1838 enim
1094 1774 1314 1856 aptius
1363 1775 1450 1836 ad
1501 1773 2006 1836 delectationem
2062 1774 2325 1837 lectoris
2378 1797 2579 1857 quam

474 1897 851 1968 temporum
893 1887 1247 1950 varietates
1294 1887 1739 1967 fortsmaeque
1780 1884 2288 1948 vicissitfidineS.
2387 1887 2581 1969 Quae

475 2008 602 2061 etsi
645 1999 835 2062 nobis
889 1999 1215 2081 optabiles
1268 1998 1336 2060 in
1392 1997 1797 2081 experiendo
1850 2006 1984 2059 non
2039 1998 2329 2074 fuerunt,
2380 1999 2447 2061 in
2495 2000 2581 2063 le-

474 2110 696 2193 gendo
742 2120 968 2175 tamen
1017 2121 1212 2175 erunt
1259 2111 1606 2174 incundae.
1728 2111 1954 2173 Habet
2008 2111 2184 2173 enim
2240 2094 2582 2193 praeteriti

473 2225 717 2288 doloris
771 2232 1005 2288 secfira
1053 2223 1421 2287 recordfitio
1473 2223 2002 2314 delectationem.
2116 2223 2371 2286 Ceteris
2421 2233 2581 2288 vero

474 2338 653 2399 nfilla
701 2339 1071 2419 perh-metis
1119 2335 1388 2418 propria
1435 2335 1756 2412 molestia,
1809 2343 2004 2398 cassis
2054 2345 2276 2398 autem
2327 2338 2578 2401 alienos

473 2450 615 2512 sine
659 2450 792 2512 fillo
833 2449 1056 2512 dolore
1099 2448 1510 2512 intuentibus
1556 2447 1756 2511 etiam
1803 2448 1949 2529 ipsa
1991 2448 2438 2511 misericordia
2475 2460 2578 2513 est

472 2561 776 2624 ificunda.
873 2561 1091 2644 Quem
1134 2561 1311 2624 enim
1355 2567 1656 2623 nostrfim
1700 2559 1808 2622 ille
1851 2559 2138 2621 moriens
2172 2561 2351 2641 apud
2388 2561 2578 2624 Man-

470 2674 718 2737 tineam
764 2674 1265 2756 Epaminondas
1304 2680 1436 2734 non
1483 2692 1633 2735 cum
1675 2672 1964 2753 quadam
2009 2672 2431 2736 miseratione
2469 2674 2577 2736 de-

471 2786 716 2850 lectat?
836 2786 973 2869 Qui
1023 2796 1167 2849 tum
1229 2784 1515 2866 denique
1570 2784 1695 2847 sibi
1750 2783 1941 2846 evelli
2000 2783 2181 2846 iubet
2245 2785 2572 2866 spiculum

470 2906 702 2980 postea
757 2918 956 2981 quam
1011 2908 1074 2961 ei
1127 2906 1545 2978 percontanti
1599 2895 1847 2959 dictum
1910 2905 2012 2958 est
2073 2896 2360 2977 clipeum
2424 2918 2573 2961 esse

471 3011 745 3087 salvum,
795 3019 867 3072 ut
913 3010 1112 3073 etiam
1160 3009 1227 3071 in
1273 3009 1567 3072 vulneris
1615 3008 1841 3071 dolore
1888 3016 2104 3090 aequo
2149 3008 2371 3072 animo
2418 3029 2570 3073 cum

468 3123 664 3186 laude
711 3130 1092 3186 moreretur.
1188 3120 1394 3185 Cfiius
1441 3120 1733 3186 studium
1778 3120 1845 3182 in
1887 3120 2176 3200 legendo
2216 3129 2350 3183 non
2399 3129 2572 3186 erec-

466 3290 546 3352 48.
581 3288 846 3341 facultate
880 3290 936 3341 et
968 3287 1138 3352 eopia,
1174 3288 1352 3350 ability
1385 3288 1501 3335 and
1543 3285 1724 3346 lestia‚
1765 3287 1872 3335 who
1909 3288 2037 3335 have
2072 3303 2209 3352 gone
2247 3287 2458 3352 through
2506 3306 2572 3338 no

466 3374 736 3436 eloquence.
822 3385 903 3434 49.
942 3370 1193 3430 reditum,
1234 3371 1311 3419 i.e.
1363 3370 1492 3418 from
1542 3370 1729 3417 trouble
1750 3371 1813 3434 of
1821 3370 1955 3417 their
1977 3386 2104 3418 own.
2174 3369 2253 3431 69.
2285 3369 2569 3434 spiculum,

467 3455 609 3504 exile.
661 3467 740 3520 50.
764 3466 970 3519 corpus,
988 3454 1196 3502 volume.
1251 3464 1278 3517 5
1284 3464 1328 3517 5.
1352 3452 1489 3502 mul·
1540 3452 1852 3515 spear-head.
1929 3464 2005 3515 70.
2047 3450 2099 3501 ei
2120 3452 2478 3516 percontanti,
2509 3456 2570 3503 in

464 3537 643 3589 torum
679 3575 692 3587 .
729 3574 742 3587 .
778 3575 791 3588 .
825 3536 1201 3601 proditionem,
1224 3535 1303 3584 i.e.
1328 3541 1379 3583 at
1402 3535 1489 3583 the
1541 3551 1743 3583 answer
1775 3542 1820 3582 to
1852 3535 1933 3582 his
1965 3536 2203 3597 question.
2278 3547 2353 3599 71.
2394 3549 2570 3599 aequo

466 3621 587 3668 time
611 3620 669 3668 of
691 3621 770 3668 his
799 3620 1134 3668 banishment.
1205 3630 1281 3683 57.
1314 3630 1488 3676 casus,
1539 3616 1735 3676 animo,
1771 3617 1868 3665 abl.
1904 3617 2034 3676 abs,;
2089 3623 2305 3666 connect
2345 3619 2465 3666 with
2506 3621 2568 3669 in

466 3703 789 3752 vicissitudes.
886 3702 964 3769 65.
1013 3700 1165 3752 nulla
1199 3736 1211 3749 .
1259 3735 1272 3749 .
1319 3735 1332 3749 .
1375 3712 1486 3752 mo·
1540 3700 1774 3749 vulneris
1807 3700 1981 3748 dolore.
2069 3711 2144 3765 72.
2187 3698 2445 3762 studium,
2481 3702 2566 3754 in·
