2950 4150
371 1238 425 1270 10

268 1834 271 1837 ,
371 1795 423 1842 15

472 245 557 306 26
972 255 1619 305 CORRESPONDENCE
1664 256 1755 305 OF
1798 256 2066 306 CICERO.

472 448 707 504 essem,
744 436 877 510 quo
908 429 1013 491 die
1044 436 1178 491 non
1212 429 1448 492 melius
1482 439 1720 493 scirem
1767 431 2021 493 Romae
2065 430 2223 512 quid
2267 439 2576 512 ageretur

472 561 672 623 quam
720 542 766 603 ii
815 551 928 622 qui
975 551 1164 603 erant
1216 542 1489 605 Romae.
1608 542 1875 606 Etenim
1925 542 2186 606 litterae
2236 553 2390 606 tuae
2440 552 2574 606 non

473 653 685 716 solum
730 654 887 735 quid
934 655 1208 730 Romae,
1246 654 1364 717 sed
1407 655 1607 717 etiam
1642 654 1801 737 quid
1833 655 1900 717 in
1933 663 2003 717 re
2036 656 2320 737 publica,
2355 677 2575 738 neque

472 766 683 829 solum
717 766 875 848 quid
907 766 1111 842 fieret,
1145 774 1375 829 verum
1411 767 1608 830 etiam
1649 768 1807 849 quid
1850 769 2153 830 futurum
2196 778 2376 832 esset
2414 769 2576 832 indi-

471 878 731 941 cabant.
858 879 1075 954 Nunc,
1139 878 1268 941 nisi
1328 890 1385 942 si
1443 879 1603 961 quid
1664 900 1744 943 ex
1806 889 2271 962 praetereunte
2325 881 2574 944 viatore

471 1000 822 1073 exceptum
856 1000 975 1067 est,
1012 1002 1178 1055 scire
1211 991 1375 1053 nihil
1407 1012 1780 1075 possumus,
1877 992 2029 1075 Qua
2061 1000 2132 1055 re
2170 1013 2574 1075 quamquam

472 1103 604 1165 iam
641 1111 707 1165 te
750 1103 971 1186 ipsum
1020 1111 1351 1186 exspecto,
1396 1113 1622 1167 tamen
1668 1104 1778 1167 isti
1820 1112 2045 1186 puero,
2092 1125 2291 1186 quem
2338 1106 2423 1168 ad
2468 1113 2576 1167 me

473 1215 698 1278 statim
748 1216 910 1279 iussi
961 1236 1318 1293 recurrere,
1370 1217 1455 1279 da
1502 1218 1945 1298 ponderosam
1997 1216 2286 1298 aliquam
2333 1217 2576 1299 epistu-

472 1327 624 1402 lam,
689 1329 956 1408 plenam
1017 1328 1313 1391 omnium
1368 1336 1503 1391 non
1558 1329 1757 1403 modo
1820 1335 2136 1403 actorum,
2196 1330 2313 1391 sed
2375 1329 2574 1392 etiam

473 1439 860 1521 opinionum
893 1448 1175 1517 tuarum,
1210 1461 1287 1504 ac
1321 1441 1496 1504 diem
1529 1449 1661 1523 quo
1696 1443 1911 1504 Roma
1950 1450 2039 1503 sis
2081 1441 2374 1504 exiturus
2416 1449 2575 1504 cura

472 1560 547 1614 ut
592 1551 816 1614 sciam.
934 1554 1077 1615 Nos
1130 1553 1198 1615 in
1256 1553 1614 1616 Formiano
1668 1574 1815 1616 esse
1862 1554 2168 1616 volumus
2223 1562 2434 1635 sisque
2490 1555 2576 1617 ad

476 1665 637 1746 prid.
678 1666 909 1728 Nonas
960 1665 1194 1728 Maias,
1293 1667 1394 1728 Εὸ
1437 1675 1494 1729 si
1535 1676 1690 1728 ante
1733 1686 1881 1728 eam
1914 1665 2091 1728 diem
2124 1675 2257 1728 non
2290 1667 2571 1743 veneriS‚

475 1778 730 1840 Romae
762 1785 828 1840 te
870 1779 1155 1842 fortasse
1186 1778 1444 1842 videbo.
1544 1779 1722 1841 Nam
1755 1779 2091 1860 Arpinum
2136 1778 2295 1860 quid
2338 1799 2463 1860 ego
2508 1786 2574 1842 te

471 1889 787 1953 invitem?

487 2119 687 2183 VIII.
784 2118 1171 2184 POMPEY
1231 2120 1442 2182 AND
1509 2120 1895 2185 CAESAR
1958 2118 2556 2185 UNPOPULAR

732 2239 740 2243 ”
1257 2240 1427 2323 (Att.
1465 2258 1522 2303 2.
1569 2258 1660 2321 19.
1700 2239 1784 2324 3).

559 2408 794 2490 Populi
855 2415 1091 2471 sensus
1152 2408 1435 2471 maxime
1503 2409 1765 2471 theatro
1827 2417 1895 2471 et
1956 2408 2355 2490 spectaculis
2432 2429 2574 2491 per-

470 2531 739 2603 spectus
785 2531 903 2584 est.
1003 2522 1179 2583 Nam
1227 2520 1702 2602 gladiatoribus
1749 2528 1880 2603 qua
1931 2520 2238 2583 dominus
2287 2528 2419 2602 qua
2466 2522 2574 2584 ad-

467 2640 688 2696 vocati
733 2633 938 2696 sibilis
984 2634 1317 2697 conscissi.
1437 2634 1646 2696 Ludis
1694 2632 2199 2714 Apollinaribus
2257 2634 2570 2714 Diphilus

466 2795 613 2853 lium,
639 2793 714 2842 for
738 2794 775 2843 it
799 2794 887 2843 did
910 2801 998 2843 not
1027 2810 1165 2857 carry
1187 2794 1306 2842 with
1336 2794 1373 2841 it
1404 2794 1491 2842 the
1631 2794 1779 2842 VIII.
1845 2792 2058 2842 Written
2114 2793 2241 2841 from
2300 2794 2461 2842 Rome
2520 2794 2571 2842 in

465 2877 566 2926 loss
585 2877 641 2925 of
659 2877 772 2925 civil
796 2877 967 2940 rights.
1031 2889 1073 2940 7.
1103 2875 1214 2926 nisi
1239 2875 1303 2936 si,
1327 2884 1495 2939 except
1544 2875 1669 2939 July,
1724 2887 1786 2940 59
1831 2888 1955 2933 B.C.,
2001 2875 2197 2924 Atticus
2252 2875 2440 2938 having
2494 2893 2569 2924 re-

468 2962 528 3009 in
552 2959 997 3019 cam—viatore,
1024 2959 1258 3008 traveler.
1327 2959 1371 3008 8.
1402 2972 1489 3008 ex·
1544 2960 1723 3007 turned
1763 2965 1815 3006 to
1856 2959 2062 3006 Greece.
2152 2971 2192 3007 1.
2228 2957 2569 3021 spectaculis,

466 3043 682 3106 ceptum
727 3042 828 3101 est,
872 3042 963 3090 llas
1013 3043 1128 3090 been
1169 3041 1356 3105 picked
1401 3048 1487 3105 up.
1541 3041 1707 3098 shows,
1728 3057 1915 3105 games.
1988 3052 2036 3089 2.
2073 3039 2482 3104 gladiatoribus,
2518 3048 2575 3088 at

472 3139 546 3174 10.
580 3125 951 3188 ponderosam,
987 3126 1157 3188 heavy.
1237 3135 1311 3188 15.
1348 3125 1491 3174 Nam
1543 3140 1576 3171 a
1614 3124 1746 3172 slzow
1785 3126 1849 3189 of
1869 3124 2164 3188 gladiators.
2201 3150 2268 3158 —
2299 3135 2405 3186 qua
2441 3158 2452 3170 .
2495 3158 2507 3171 .
2550 3159 2561 3170 .

468 3245 479 3256 .
522 3243 544 3264 .,
577 3244 589 3256 .
631 3205 891 3257 invitem:
941 3207 1114 3255 Cicero
1149 3206 1346 3271 implies
1382 3207 1491 3255 that
1543 3219 1665 3270 qua,
1698 3227 1747 3249 =
1772 3214 1818 3254 et
1850 3243 1861 3255 .
1905 3242 1916 3254 .
1963 3241 1975 3254 .
2013 3214 2093 3263 et:
2140 3207 2263 3254 used
2297 3206 2362 3268 by
2393 3206 2569 3254 Cicero

465 3291 711 3355 Arpinum
735 3290 777 3337 is
801 3296 889 3337 not
912 3306 968 3337 so
994 3290 1142 3338 much
1176 3289 1404 3353 pleasing
1438 3289 1490 3337 in
1543 3289 1660 3352 only
1717 3289 1769 3337 in
1826 3290 1912 3338 the
1970 3290 2154 3338 letters.
2194 3317 2262 3325 —
2295 3288 2563 3348 dominus,

466 3373 604 3422 itself
631 3389 686 3422 as
716 3374 836 3422 dear
866 3380 916 3420 to
953 3373 1057 3421 him
1094 3373 1220 3421 from
1259 3372 1320 3421 its
1357 3387 1489 3420 asso·
1545 3373 1778 3436 Pompey.
1819 3399 1886 3407 —
1919 3370 2185 3429 advocati,
2244 3378 2569 3435 supportem,-

466 3456 690 3505 ciations.
756 3456 866 3503 The
900 3462 1006 3518 stay
1038 3463 1090 3504 at
1125 3455 1354 3503 Formiae
1389 3455 1489 3503 had
1544 3455 1629 3503 the
1680 3456 1946 3504 advocatus
1991 3470 2091 3503 was
2142 3470 2241 3502 one
2286 3455 2400 3502 who
2453 3470 2568 3517 sup·

465 3540 596 3588 been
642 3539 937 3603 prolonged,
985 3539 1083 3587 and
1131 3538 1338 3586 Antium
1390 3539 1489 3587 and
1543 3539 1722 3601 ported
1757 3555 1786 3586 a
1820 3538 1984 3587 friend
2018 3537 2069 3585 in
2105 3553 2134 3585 a
2168 3537 2265 3585 suit
2300 3542 2350 3584 at
2384 3535 2480 3585 law
2505 3537 2570 3599 by

463 3622 734 3670 Tusculum
764 3637 911 3680 were,
944 3622 982 3669 it
1013 3621 1177 3670 would
1211 3636 1364 3679 seem,
1402 3627 1491 3669 not
1543 3621 1621 3669 his
1644 3636 1884 3685 presence
1909 3636 1965 3669 or
1988 3621 2052 3682 by
2077 3619 2361 3682 testimony.
2424 3632 2468 3682 3.
2497 3618 2569 3668 si·

464 3712 517 3757 to
541 3705 604 3758 be
628 3705 822 3758 visited.
1543 3702 1673 3758 bilis
1712 3702 1987 3765 conscissi,
2024 3719 2154 3751 were
2193 3702 2416 3753 assailed
2448 3702 2572 3755 with
