2950 4150
378 881 434 914 10

371 2878 424 2910 10

485 224 567 303 56
982 234 1633 285 CORRESPONDENCE
1676 236 1768 285 oF
1811 236 2082 287 elcERo.

480 408 646 471 nihil
678 428 826 472 esse
859 408 1056 472 audio
1086 428 1305 490 neque
1338 419 1482 471 auri
1511 429 1729 491 neque
1761 419 2038 490 argenti.
2136 409 2215 472 Id
2253 420 2309 472 si
2338 409 2431 473 ita
2459 421 2583 489 est,

480 521 788 584 essedum
823 520 1090 603 aliquod
1123 520 1350 603 capias
1384 521 1633 584 suadeo
1664 531 1730 584 et
1768 521 1853 583 ad
1889 529 2013 584 nos
2050 542 2248 603 quam
2295 533 2585 604 primum

480 641 798 697 recurras,
883 633 1002 696 Sin
1034 643 1257 696 autem
1290 633 1432 696 sine
1468 633 1815 696 Britannia
1845 643 2069 696 tamen
2095 635 2374 716 adsequi
2404 637 2584 717 quod

478 747 785 809 volumus
817 766 1190 827 possumuS,
1218 747 1461 828 perfice
1487 756 1559 809 ut
1584 756 1674 808 sis
1699 746 1766 808 in
1791 745 2228 810 familiaribus
2254 748 2580 811 Caesaris,

484 859 774 921 Multum
805 866 873 922 te
903 858 975 921 in'
1003 867 1084 921 eo
1120 859 1327 921 frater
1368 858 1707 921 adiuvabit
1746 878 1952 934 meus,
1988 859 2269 921 multum
2313 860 2581 936 Balbus,

480 971 617 1046 sed,
652 971 814 1034 mihi
850 971 1065 1047 crede,
1106 981 1259 1033 tuus
1302 970 1521 1052 pudor
1560 980 1626 1034 et
1669 971 1855 1033 labor
1895 970 2271 1052 plurimum.
2369 971 2586 1054 Impe-

480 1090 765 1146 ratorem
792 1084 998 1146 habes
1031 1067 1584 1159 liberalissimum,
1613 1089 1898 1145 aetatem
1926 1083 2581 1164 opportunissimam,

480 1196 1125 1259 commendationem
1170 1202 1349 1258 certe
1386 1194 1812 1276 singularem,
1848 1203 1921 1258 ut
1956 1194 2078 1258 tibi
2114 1203 2318 1258 finum
2353 1195 2586 1259 timen-

480 1308 638 1371 dum
672 1307 774 1385 sit,
809 1316 894 1370 ne
926 1308 1069 1389 ipse
1101 1307 1220 1370 tibi
1251 1307 1546 1370 defuisse
1577 1307 1861 1371 videare.

611 1557 865 1621 XXIV.
962 1555 1317 1620 CICERO
1385 1555 1844 1625 BANTERS
1894 1555 2448 1621 TREBATIUS

1191 1675 1407 1761 (Fam.
1446 1690 1502 1756 7.
1549 1677 1640 1739 16.
1678 1694 1735 1752 2,
1773 1674 1858 1758 3).

569 1847 716 1927 Ego
749 1855 805 1908 si
838 1846 998 1908 foris
1030 1844 1409 1917 cenitarem‚
1446 1845 1566 1908 Cn.
1604 1844 1904 1921 Octavio,
1939 1844 2248 1907 familiari
2276 1853 2409 1921 tuo,
2444 1853 2582 1908 non

479 1959 878 2033 defuissem3
927 1957 1035 2021 cui
1080 1967 1305 2019 tamen
1355 1957 1503 2032 dixi,
1553 1977 1705 2019 cum
1752 1965 1859 2019 me
1904 1957 2299 2039 aliquotiens
2352 1957 2583 2021 invita-

478 2081 614 2134 ret:
695 2054 871 2135 ‘Oro
933 2078 1014 2145 te,
1079 2068 1227 2151 quis
1288 2077 1360 2132 tu
1424 2069 1577 2132 es?’
1703 2069 1838 2135 Sed
1900 2070 2330 2146 mehercules,
2396 2079 2582 2134 extra

476 2183 712 2258 iocum,
749 2183 947 2245 homo
984 2182 1200 2245 bellus
1237 2192 1339 2245 est
1362 2203 1376 2258 ;
1425 2182 1665 2244 vellem
1708 2202 1860 2245 eum
1901 2190 2119 2244 tecum
2168 2182 2576 2246 abduxisse&

479 2295 660 2377 Quid
692 2295 905 2376 agatis
939 2304 1005 2357 et
1037 2293 1276 2376 ecquid
1309 2293 1375 2355 in
1418 2279 1678 2356 ltaliam
1712 2301 1975 2357 venturi
2012 2294 2154 2357 sitis
2191 2295 2315 2357 hac
2358 2294 2580 2358 hieme

475 2409 584 2470 fac
633 2407 831 2489 plane
878 2406 1101 2469 sciam.
1222 2407 1470 2469 Balbus
1520 2406 1680 2468 mihi
1726 2407 2147 2469 confirmavit
2193 2414 2259 2470 te
2305 2407 2579 2470 divitem

476 2521 790 2584 futurum.
906 2520 985 2582 Id
1045 2529 1261 2582 utrum
1322 2520 1630 2581 Romano
1685 2527 1864 2581 more
1926 2519 2183 2583 locutus
2246 2519 2347 2594 sit,
2403 2520 2579 2583 bene

475 2639 887 2695 nummatum
951 2639 1017 2694 te
1078 2633 1396 2707 futurum,
1455 2652 1541 2694 an
1603 2632 1996 2713 quomodo
2059 2631 2264 2696 Stoici
2326 2632 2575 2709 dicunt,

473 2754 688 2807 omnis
720 2763 866 2807 esse
899 2744 1134 2806 divites
1167 2754 1282 2825 qui
1310 2743 1498 2807 caelo
1535 2754 1602 2806 et
1638 2751 1814 2806 terra
1855 2744 1988 2805 frui
2030 2744 2308 2825 possint,
2343 2743 2580 2825 postea

472 2857 725 2919 videbo.
835 2856 970 2939 Qui
1014 2855 1208 2919 istinc
1253 2856 1532 2919 veniunt
1579 2855 1958 2937 superbiam
2004 2866 2184 2919 tuam
2234 2864 2575 2932 accusant,

470 3025 690 3088 struggle
718 3025 838 3073 with
873 3024 958 3073 the
997 3024 1156 3073 Gallie
1192 3025 1490 3088 insurgentS.
1549 3024 1681 3090 quid
1708 3064 1718 3074 .
1745 3063 1755 3074 .
1781 3062 1793 3074 .
1819 3024 1963 3084 sitis,
1982 3027 2196 3075 whether
2207 3041 2313 3088 you
2335 3042 2428 3074 are
2450 3042 2578 3073 com·

470 3108 516 3158 8.
564 3107 703 3172 quod
742 3107 1007 3166 volumus,
1047 3108 1126 3156 i.e.
1175 3108 1262 3156 the
1309 3108 1497 3171 prefer·
1551 3109 1646 3172 ing
1664 3116 1722 3156 at
1739 3108 1848 3165 all,·
1882 3108 2065 3156 Caesar
2095 3109 2281 3171 usually
2306 3115 2454 3171 spent
2490 3109 2577 3156 the

469 3197 608 3239 ment
647 3191 705 3239 of
737 3190 1014 3239 Trebatius·
1102 3203 1175 3240 12.
1212 3190 1491 3240 aetatem:
1550 3191 1724 3239 winter
1753 3191 1805 3238 in
1838 3191 2011 3260 Gallia
2050 3192 2331 3253 Cisalpina,
2366 3191 2475 3239 that
2508 3192 2577 3240 he

465 3274 728 3323 Trebatius
773 3289 875 3322 was
921 3280 972 3322 at
1019 3273 1118 3322 this
1168 3273 1289 3322 time
1341 3273 1496 3322 about
1549 3273 1709 3337 might
1748 3273 1911 3322 watch
1956 3275 2041 3322 the
2089 3289 2263 3322 course
2303 3274 2363 3322 of
2402 3281 2579 3323 events

467 3357 752 3420 thirty-five.
1547 3363 1598 3405 at
1634 3357 1813 3416 Rome,
1849 3357 1939 3405 but
1974 3357 2156 3420 during
2190 3356 2276 3405 the
2311 3356 2487 3405 winter
2522 3355 2582 3405 of

554 3441 744 3489 XXIV.
808 3452 849 3489 1.
895 3438 946 3490 si
991 3437 1127 3489 foris
1174 3437 1488 3498 censtarem,
1547 3449 1672 3503 54-5
1680 3452 1709 3501 3
1743 3451 1838 3489 B.C.
1874 3438 1939 3487 he
1979 3440 2194 3503 thought
2234 3440 2272 3487 it
2313 3454 2577 3502 necessary

467 3525 525 3588 ts
553 3525 593 3571 I
627 3540 759 3572 were
804 3523 864 3571 in
910 3523 987 3570 the
1029 3521 1172 3569 habit
1212 3523 1276 3586 qf
1305 3522 1498 3585 dining
1545 3528 1597 3570 to
1621 3522 1811 3569 remain
1836 3522 1956 3570 with
1980 3522 2059 3570 his
2088 3537 2224 3584 army
2248 3528 2299 3570 at
2330 3523 2575 3570 Samaro-

465 3614 560 3654 0ut.
632 3619 676 3668 3.
706 3606 862 3656 extra
895 3604 1086 3661 iocum,
1107 3604 1299 3667 joking
1321 3611 1491 3666 apart.
1544 3604 1691 3652 briva
1717 3603 2001 3668 (Amicus).
2072 3618 2118 3670 7.
2146 3605 2387 3655 Romano
2409 3616 2574 3664 more,

463 3704 508 3752 4.
536 3689 694 3740 homo
716 3688 907 3746 bellus,
925 3704 958 3735 a
966 3687 1086 3755 fine
1094 3687 1280 3753 fellow.
1339 3697 1385 3754 5.
1409 3698 1490 3737 ec·
1543 3685 1779 3752 literally.
1797 3715 1864 3723 —
1880 3688 2014 3737 bene
2059 3687 2422 3747 nummatum,
2462 3688 2581 3738 well
