<?xml version="1.0" encoding="UTF-8"?>
<!DOCTYPE html PUBLIC "-//W3C//DTD XHTML 1.0 Transitional//EN"
    "http://www.w3.org/TR/xhtml1/DTD/xhtml1-transitional.dtd">
<html xmlns="http://www.w3.org/1999/xhtml" xml:lang="en" lang="en">
 <head>
  <title>
</title>
<meta http-equiv="Content-Type" content="text/html;charset=utf-8" />
  <meta name='ocr-system' content='tesseract 3.04.00' />
  <meta name='ocr-capabilities' content='ocr_page ocr_carea ocr_par ocr_line ocrx_word'/>
</head>
<body>
  <div class='ocr_page' id='page_1' title='image "./selectionsfromc00kirtgoog_0091.png"; bbox 0 0 2950 4150; ppageno 0'>
   <div class='ocr_carea' id='block_1_1' title="bbox 799 231 2460 308">
    <p class='ocr_par' dir='ltr' id='par_1_1' title="bbox 799 231 2460 308">
     <span class='ocr_line' id='line_1_1' title="bbox 799 231 2460 308; baseline 0 -17"><span class='ocrx_word' id='word_1_1' title='bbox 799 241 1054 292; x_wconf 79' lang='lat' dir='ltr'><strong>CICERO</strong></span> <span class='ocrx_word' id='word_1_2' title='bbox 1100 242 1177 290; x_wconf 88' lang='lat' dir='ltr'>IN</span> <span class='ocrx_word' id='word_1_3' title='bbox 1224 240 1460 291; x_wconf 87' lang='lat' dir='ltr'>FAVOR</span> <span class='ocrx_word' id='word_1_4' title='bbox 1508 241 1700 291; x_wconf 88' lang='lat' dir='ltr'>WITH</span> <span class='ocrx_word' id='word_1_5' title='bbox 1745 240 2033 289; x_wconf 82' lang='lat' dir='ltr'><strong>CAESAR.</strong></span> <span class='ocrx_word' id='word_1_6' title='bbox 2382 231 2460 308; x_wconf 84' lang='lat'>85</span> 
     </span>
    </p>
   </div>
   <div class='ocr_carea' id='block_1_2' title="bbox 349 413 2571 1511">
    <p class='ocr_par' dir='ltr' id='par_1_2' title="bbox 349 413 2571 1511">
     <span class='ocr_line' id='line_1_2' title="bbox 362 413 2465 498; baseline -0.001 -19"><span class='ocrx_word' id='word_1_7' title='bbox 362 437 503 480; x_wconf 90' lang='lat' dir='ltr'>ram</span> <span class='ocrx_word' id='word_1_8' title='bbox 548 416 707 480; x_wconf 90' lang='lat' dir='ltr'>dare</span> <span class='ocrx_word' id='word_1_9' title='bbox 750 415 1175 480; x_wconf 76' lang='lat' dir='ltr'>Constituisse</span> <span class='ocrx_word' id='word_1_10' title='bbox 1222 423 1304 479; x_wconf 75' lang='lat' dir='ltr'>eo</span> <span class='ocrx_word' id='word_1_11' title='bbox 1350 415 1498 498; x_wconf 74' lang='lat' dir='ltr'>ipso</span> <span class='ocrx_word' id='word_1_12' title='bbox 1547 415 1653 477; x_wconf 73' lang='lat' dir='ltr'>die</span> <span class='ocrx_word' id='word_1_13' title='bbox 1702 422 1834 497; x_wconf 75' lang='lat' dir='ltr'>quo</span> <span class='ocrx_word' id='word_1_14' title='bbox 1883 414 1965 477; x_wconf 72' lang='lat' dir='ltr'>de</span> <span class='ocrx_word' id='word_1_15' title='bbox 2014 415 2079 476; x_wconf 92' lang='lat' dir='ltr'>P.</span> <span class='ocrx_word' id='word_1_16' title='bbox 2134 413 2352 478; x_wconf 74' lang='lat' dir='ltr'>Sestio</span> <span class='ocrx_word' id='word_1_17' title='bbox 2398 413 2465 476; x_wconf 96' lang='lat' dir='ltr'>in</span> 
     </span>
     <span class='ocr_line' id='line_1_3' title="bbox 363 527 2569 611; baseline -0.004 -18"><span class='ocrx_word' id='word_1_18' title='bbox 363 529 708 593; x_wconf 72' lang='lat' dir='ltr'>consilium</span> <span class='ocrx_word' id='word_1_19' title='bbox 757 539 837 591; x_wconf 80' lang='lat' dir='ltr'>iri</span> <span class='ocrx_word' id='word_1_20' title='bbox 884 548 1160 592; x_wconf 88' lang='lat' dir='ltr'>necesse</span> <span class='ocrx_word' id='word_1_21' title='bbox 1209 537 1366 592; x_wconf 88' lang='lat' dir='ltr'>erat.</span> <span class='ocrx_word' id='word_1_22' title='bbox 1481 527 1831 611; x_wconf 81' lang='lat' dir='ltr'>Respondi</span> <span class='ocrx_word' id='word_1_23' title='bbox 1878 527 2064 590; x_wconf 72' lang='lat' dir='ltr'>nullo</span> <span class='ocrx_word' id='word_1_24' title='bbox 2116 527 2314 589; x_wconf 76' lang='lat' dir='ltr'>modc‘)</span> <span class='ocrx_word' id='word_1_25' title='bbox 2360 534 2466 588; x_wconf 77' lang='lat' dir='ltr'>me</span> <span class='ocrx_word' id='word_1_26' title='bbox 2517 549 2569 597; x_wconf 86' lang='lat'>15</span> 
     </span>
     <span class='ocr_line' id='line_1_4' title="bbox 349 639 2462 724; baseline -0.002 -19"><span class='ocrx_word' id='word_1_27' title='bbox 349 644 587 705; x_wconf 70' lang='lat' dir='ltr'>‘facere</span> <span class='ocrx_word' id='word_1_28' title='bbox 641 662 878 723; x_wconf 85' lang='lat' dir='ltr'>posse3</span> <span class='ocrx_word' id='word_1_29' title='bbox 947 661 1146 724; x_wconf 92' lang='lat' dir='ltr'>quem</span> <span class='ocrx_word' id='word_1_30' title='bbox 1198 641 1401 703; x_wconf 89' lang='lat' dir='ltr'>vellet</span> <span class='ocrx_word' id='word_1_31' title='bbox 1454 640 1656 703; x_wconf 94' lang='lat' dir='ltr'>alium</span> <span class='ocrx_word' id='word_1_32' title='bbox 1711 639 1881 702; x_wconf 89' lang='lat' dir='ltr'>diem</span> <span class='ocrx_word' id='word_1_33' title='bbox 1942 649 2012 702; x_wconf 70' lang='lat' dir='ltr'>si⁴</span> <span class='ocrx_word' id='word_1_34' title='bbox 2049 639 2462 721; x_wconf 73' lang='lat' dir='ltr'>sumpsisset,</span> 
     </span>
     <span class='ocr_line' id='line_1_5' title="bbox 364 752 2467 835; baseline -0.001 -18"><span class='ocrx_word' id='word_1_35' title='bbox 364 762 471 816; x_wconf 71' lang='lat' dir='ltr'>me</span> <span class='ocrx_word' id='word_1_36' title='bbox 512 765 574 817; x_wconf 88' lang='grc' dir='ltr'>6ῑ</span> <span class='ocrx_word' id='word_1_37' title='bbox 615 762 749 817; x_wconf 76' lang='lat' dir='ltr'>non</span> <span class='ocrx_word' id='word_1_38' title='bbox 793 754 1196 816; x_wconf 70' lang='lat' dir='ltr'>defuturum.</span> <span class='ocrx_word' id='word_1_39' title='bbox 1294 752 1416 815; x_wconf 90' lang='lat' dir='ltr'>Ille</span> <span class='ocrx_word' id='word_1_40' title='bbox 1459 761 1700 828; x_wconf 94' lang='lat' dir='ltr'>autem,</span> <span class='ocrx_word' id='word_1_41' title='bbox 1747 762 1859 835; x_wconf 80' lang='lat' dir='ltr'>qui</span> <span class='ocrx_word' id='word_1_42' title='bbox 1905 761 2102 815; x_wconf 82' lang='lat' dir='ltr'>sciret</span> <span class='ocrx_word' id='word_1_43' title='bbox 2148 759 2220 814; x_wconf 72' lang='lat' dir='ltr'>se</span> <span class='ocrx_word' id='word_1_44' title='bbox 2266 759 2467 835; x_wconf 74' lang='lat' dir='ltr'>nepo-</span> 
     </span>
     <span class='ocr_line' id='line_1_6' title="bbox 363 864 2463 940; baseline -0.002 -11"><span class='ocrx_word' id='word_1_45' title='bbox 363 876 500 929; x_wconf 89' lang='lat' dir='ltr'>tem</span> <span class='ocrx_word' id='word_1_46' title='bbox 548 866 797 929; x_wconf 90' lang='lat' dir='ltr'>bellum</span> <span class='ocrx_word' id='word_1_47' title='bbox 848 865 1187 929; x_wconf 78' lang='lat' dir='ltr'>tibicinem</span> <span class='ocrx_word' id='word_1_48' title='bbox 1238 865 1485 928; x_wconf 73' lang='lat' dir='ltr'>habere</span> <span class='ocrx_word' id='word_1_49' title='bbox 1536 874 1603 928; x_wconf 91' lang='lat' dir='ltr'>et</span> <span class='ocrx_word' id='word_1_50' title='bbox 1654 874 1756 928; x_wconf 89' lang='lat' dir='ltr'>sat</span> <span class='ocrx_word' id='word_1_51' title='bbox 1808 864 2054 927; x_wconf 92' lang='lat' dir='ltr'>bonum</span> <span class='ocrx_word' id='word_1_52' title='bbox 2106 872 2463 940; x_wconf 72' lang='lat' dir='ltr'>cantorem,</span> 
     </span>
     <span class='ocr_line' id='line_1_7' title="bbox 364 977 2467 1055; baseline -0.002 -14"><span class='ocrx_word' id='word_1_53' title='bbox 364 978 670 1042; x_wconf 85' lang='lat' dir='ltr'><strong>discessit</strong></span> <span class='ocrx_word' id='word_1_54' title='bbox 700 986 740 1040; x_wconf 70' lang='lat' dir='ltr'>a</span> <span class='ocrx_word' id='word_1_55' title='bbox 773 986 896 1055; x_wconf 72' lang='lat' dir='ltr'>me,</span> <span class='ocrx_word' id='word_1_56' title='bbox 942 987 1013 1041; x_wconf 92' lang='lat' dir='ltr'>ut</span> <span class='ocrx_word' id='word_1_57' title='bbox 1057 977 1220 1040; x_wconf 91' lang='lat' dir='ltr'>mihi</span> <span class='ocrx_word' id='word_1_58' title='bbox 1254 977 1623 1053; x_wconf 72' lang='lat' dir='ltr'>videbatur,</span> <span class='ocrx_word' id='word_1_59' title='bbox 1662 977 1905 1040; x_wconf 70' lang='lat' dir='ltr'>iratior.</span> <span class='ocrx_word' id='word_1_60' title='bbox 2003 977 2237 1040; x_wconf 73' lang='lat' dir='ltr'>Habes</span> <span class='ocrx_word' id='word_1_61' title='bbox 2282 982 2297 1008; x_wconf 92' lang='lat'>‘</span> <span class='ocrx_word' id='word_1_62' title='bbox 2321 977 2467 1041; x_wconf 88' lang='lat' dir='ltr'>Sar-</span> 
     </span>
     <span class='ocr_line' id='line_1_8' title="bbox 365 1089 2571 1172; baseline -0.003 -19"><span class='ocrx_word' id='word_1_63' title='bbox 365 1090 486 1155; x_wconf 69' lang='lat' dir='ltr'>dos</span> <span class='ocrx_word' id='word_1_64' title='bbox 538 1091 812 1167; x_wconf 70' lang='lat' dir='ltr'>venaliS,</span> <span class='ocrx_word' id='word_1_65' title='bbox 869 1090 1070 1153; x_wconf 90' lang='lat' dir='ltr'>alium</span> <span class='ocrx_word' id='word_1_66' title='bbox 1132 1090 1263 1154; x_wconf 74' lang='lat' dir='ltr'>alio</span> <span class='ocrx_word' id='word_1_67' title='bbox 1323 1090 1751 1172; x_wconf 58' lang='lat' dir='ltr'>nequiorem)</span> <span class='ocrx_word' id='word_1_68' title='bbox 1864 1089 2187 1171; x_wconf 72' lang='lat' dir='ltr'>Cognosti</span> <span class='ocrx_word' id='word_1_69' title='bbox 2248 1108 2464 1150; x_wconf 90' lang='lat' dir='ltr'>meam</span> <span class='ocrx_word' id='word_1_70' title='bbox 2514 1115 2571 1147; x_wconf 84' lang='lat'>20</span> 
     </span>
     <span class='ocr_line' id='line_1_9' title="bbox 365 1184 2463 1284; baseline -0.001 -18"><span class='ocrx_word' id='word_1_71' title='bbox 365 1224 636 1266; x_wconf 89' lang='lat' dir='ltr'>causam</span> <span class='ocrx_word' id='word_1_72' title='bbox 706 1213 773 1267; x_wconf 92' lang='lat' dir='ltr'>et</span> <span class='ocrx_word' id='word_1_73' title='bbox 841 1203 1030 1266; x_wconf 78' lang='lat' dir='ltr'>istius</span> <span class='ocrx_word' id='word_1_74' title='bbox 1100 1202 1424 1266; x_wconf 73' lang='lat' dir='ltr'>salaconis</span> <span class='ocrx_word' id='word_1_75' title='bbox 1495 1184 1929 1284; x_wconf 69' lang='lat' dir='ltr'>iniquitatem.</span> <span class='ocrx_word' id='word_1_76' title='bbox 2056 1207 2071 1233; x_wconf 91' lang='lat'>‘</span> <span class='ocrx_word' id='word_1_77' title='bbox 2098 1202 2463 1266; x_wconf 75' lang='lat' dir='ltr'>Catonem’</span> 
     </span>
     <span class='ocr_line' id='line_1_10' title="bbox 363 1314 2464 1396; baseline -0.001 -19"><span class='ocrx_word' id='word_1_78' title='bbox 363 1324 552 1378; x_wconf 92' lang='lat' dir='ltr'>tuum</span> <span class='ocrx_word' id='word_1_79' title='bbox 603 1315 768 1377; x_wconf 91' lang='lat' dir='ltr'>mihi</span> <span class='ocrx_word' id='word_1_80' title='bbox 819 1315 1024 1391; x_wconf 91' lang='lat' dir='ltr'>mitte,</span> <span class='ocrx_word' id='word_1_81' title='bbox 1080 1315 1278 1396; x_wconf 75' lang='lat' dir='ltr'>cupio</span> <span class='ocrx_word' id='word_1_82' title='bbox 1323 1314 1503 1377; x_wconf 91' lang='lat' dir='ltr'>enim</span> <span class='ocrx_word' id='word_1_83' title='bbox 1555 1314 1796 1396; x_wconf 85' lang='lat' dir='ltr'>legere.</span> <span class='ocrx_word' id='word_1_84' title='bbox 1896 1315 2013 1377; x_wconf 77' lang='grc' dir='ltr'><strong>Μὲ</strong></span> <span class='ocrx_word' id='word_1_85' title='bbox 2061 1314 2279 1377; x_wconf 74' lang='lat' dir='ltr'>adhuc</span> <span class='ocrx_word' id='word_1_86' title='bbox 2331 1320 2464 1375; x_wconf 72' lang='lat' dir='ltr'>non</span> 
     </span>
     <span class='ocr_line' id='line_1_11' title="bbox 364 1428 1679 1511; baseline 0 -20"><span class='ocrx_word' id='word_1_87' title='bbox 364 1428 608 1510; x_wconf 74' lang='lat' dir='ltr'>legisse</span> <span class='ocrx_word' id='word_1_88' title='bbox 654 1438 850 1510; x_wconf 86' lang='lat' dir='ltr'><strong>turpe</strong></span> <span class='ocrx_word' id='word_1_89' title='bbox 897 1437 1158 1511; x_wconf 81' lang='lat' dir='ltr'>utrique</span> <span class='ocrx_word' id='word_1_90' title='bbox 1207 1434 1510 1490; x_wconf 78' lang='lat' dir='ltr'>nostrfim</span> <span class='ocrx_word' id='word_1_91' title='bbox 1560 1437 1679 1491; x_wconf 89' lang='lat' dir='ltr'>est.</span> 
     </span>
    </p>
   </div>
   <div class='ocr_carea' id='block_1_3' title="bbox 409 1667 2423 1875">
    <p class='ocr_par' dir='ltr' id='par_1_3' title="bbox 409 1667 2423 1875">
     <span class='ocr_line' id='line_1_12' title="bbox 409 1667 2423 1736; baseline -0.002 -2"><span class='ocrx_word' id='word_1_92' title='bbox 409 1671 635 1734; x_wconf 90' lang='lat' dir='ltr'><strong>XLII.</strong></span> <span class='ocrx_word' id='word_1_93' title='bbox 733 1668 1087 1736; x_wconf 92' lang='lat' dir='ltr'><strong>CICERO</strong></span> <span class='ocrx_word' id='word_1_94' title='bbox 1153 1670 1257 1733; x_wconf 95' lang='lat' dir='ltr'>IN</span> <span class='ocrx_word' id='word_1_95' title='bbox 1324 1669 1657 1734; x_wconf 91' lang='lat' dir='ltr'>FAVOR</span> <span class='ocrx_word' id='word_1_96' title='bbox 1709 1669 1973 1732; x_wconf 93' lang='lat' dir='ltr'>WITH</span> <span class='ocrx_word' id='word_1_97' title='bbox 2040 1667 2423 1734; x_wconf 87' lang='lat' dir='ltr'><strong>CAESAR</strong></span> 
     </span>
     <span class='ocr_line' id='line_1_13' title="bbox 1138 1788 1694 1875; baseline 0.002 -23"><span class='ocrx_word' id='word_1_98' title='bbox 1138 1788 1349 1873; x_wconf 88' lang='lat' dir='ltr'><em>(Fam.</em></span> <span class='ocrx_word' id='word_1_99' title='bbox 1399 1803 1452 1870; x_wconf 84' lang='lat'>5.</span> <span class='ocrx_word' id='word_1_100' title='bbox 1504 1807 1582 1852; x_wconf 92' lang='lat'>10</span> <span class='ocrx_word' id='word_1_101' title='bbox 1604 1789 1694 1875; x_wconf 88' lang='lat' dir='ltr'>b).</span> 
     </span>
    </p>
   </div>
   <div class='ocr_carea' id='block_1_4' title="bbox 980 1959 1846 2010">
    <p class='ocr_par' dir='ltr' id='par_1_4' title="bbox 980 1959 1846 2010">
     <span class='ocr_line' id='line_1_14' title="bbox 980 1959 1846 2010; baseline 0 -1"><span class='ocrx_word' id='word_1_102' title='bbox 980 1960 1265 2010; x_wconf 71' lang='lat' dir='ltr'>Vatinius</span> <span class='ocrx_word' id='word_1_103' title='bbox 1299 1959 1583 2010; x_wconf 73' lang='lat' dir='ltr'>Ciceroni·</span> <span class='ocrx_word' id='word_1_104' title='bbox 1616 1959 1747 2010; x_wconf 72' lang='grc' dir='ltr'>Βιιὸ</span> <span class='ocrx_word' id='word_1_105' title='bbox 1784 1959 1846 2010; x_wconf 79' lang='lat' dir='ltr'>S.</span> 
     </span>
    </p>
   </div>
   <div class='ocr_carea' id='block_1_5' title="bbox 365 2112 2541 2758">
    <p class='ocr_par' dir='ltr' id='par_1_5' title="bbox 365 2112 2541 2758">
     <span class='ocr_line' id='line_1_15' title="bbox 456 2112 2466 2197; baseline -0.001 -20"><span class='ocrx_word' id='word_1_106' title='bbox 456 2115 605 2196; x_wconf 85' lang='lat' dir='ltr'>Ego</span> <span class='ocrx_word' id='word_1_107' title='bbox 644 2123 797 2196; x_wconf 92' lang='lat' dir='ltr'>post</span> <span class='ocrx_word' id='word_1_108' title='bbox 838 2112 1357 2197; x_wconf 71' lang='lat' dir='ltr'>supplicationes</span> <span class='ocrx_word' id='word_1_109' title='bbox 1401 2112 1564 2175; x_wconf 91' lang='lat' dir='ltr'>mihi</span> <span class='ocrx_word' id='word_1_110' title='bbox 1605 2112 1905 2176; x_wconf 71' lang='lat' dir='ltr'>decretas</span> <span class='ocrx_word' id='word_1_111' title='bbox 1947 2113 2013 2176; x_wconf 93' lang='lat' dir='ltr'>in</span> <span class='ocrx_word' id='word_1_112' title='bbox 2059 2112 2466 2175; x_wconf 85' lang='lat' dir='ltr'>Dalmatiam</span> 
     </span>
     <span class='ocr_line' id='line_1_16' title="bbox 365 2225 2466 2309; baseline -0.001 -19"><span class='ocrx_word' id='word_1_113' title='bbox 365 2229 709 2309; x_wconf 85' lang='lat' dir='ltr'>profectus</span> <span class='ocrx_word' id='word_1_114' title='bbox 748 2247 931 2302; x_wconf 91' lang='lat' dir='ltr'>sum;</span> <span class='ocrx_word' id='word_1_115' title='bbox 982 2246 1097 2289; x_wconf 88' lang='lat' dir='ltr'>sex</span> <span class='ocrx_word' id='word_1_116' title='bbox 1139 2226 1388 2308; x_wconf 89' lang='lat' dir='ltr'>oppida</span> <span class='ocrx_word' id='word_1_117' title='bbox 1429 2236 1496 2288; x_wconf 80' lang='lat' dir='ltr'>vi</span> <span class='ocrx_word' id='word_1_118' title='bbox 1541 2225 2001 2309; x_wconf 74' lang='lat' dir='ltr'>oppugnando</span> <span class='ocrx_word' id='word_1_119' title='bbox 2046 2233 2212 2307; x_wconf 75' lang='lat' dir='ltr'>Cepi,</span> <span class='ocrx_word' id='word_1_120' title='bbox 2260 2232 2466 2287; x_wconf 79' lang='lat' dir='ltr'>finum</span> 
     </span>
     <span class='ocr_line' id='line_1_17' title="bbox 367 2337 2461 2421; baseline -0.002 -18"><span class='ocrx_word' id='word_1_121' title='bbox 367 2340 511 2414; x_wconf 73' lang='lat' dir='ltr'>hoe,</span> <span class='ocrx_word' id='word_1_122' title='bbox 569 2338 746 2421; x_wconf 92' lang='lat' dir='ltr'>quod</span> <span class='ocrx_word' id='word_1_123' title='bbox 800 2347 942 2401; x_wconf 89' lang='lat' dir='ltr'>erat</span> <span class='ocrx_word' id='word_1_124' title='bbox 996 2337 1372 2413; x_wconf 69' lang='lat' dir='ltr'>maximum,</span> <span class='ocrx_word' id='word_1_125' title='bbox 1426 2346 1663 2419; x_wconf 83' lang='lat' dir='ltr'>quater</span> <span class='ocrx_word' id='word_1_126' title='bbox 1722 2345 1761 2400; x_wconf 72' lang='grc' dir='ltr'>ῖι</span> <span class='ocrx_word' id='word_1_127' title='bbox 1823 2345 1929 2400; x_wconf 74' lang='lat' dir='ltr'>me</span> <span class='ocrx_word' id='word_1_128' title='bbox 1989 2337 2120 2399; x_wconf 90' lang='lat' dir='ltr'>iam</span> <span class='ocrx_word' id='word_1_129' title='bbox 2174 2346 2461 2419; x_wconf 89' lang='lat' dir='ltr'>Captum.</span> 
     </span>
     <span class='ocr_line' id='line_1_18' title="bbox 368 2449 2466 2533; baseline -0.001 -19"><span class='ocrx_word' id='word_1_130' title='bbox 368 2451 700 2533; x_wconf 80' lang='lat' dir='ltr'>Quattuor</span> <span class='ocrx_word' id='word_1_131' title='bbox 741 2449 918 2513; x_wconf 89' lang='lat' dir='ltr'>enim</span> <span class='ocrx_word' id='word_1_132' title='bbox 960 2459 1158 2512; x_wconf 80' lang='lat' dir='ltr'>turris</span> <span class='ocrx_word' id='word_1_133' title='bbox 1202 2459 1270 2513; x_wconf 91' lang='lat' dir='ltr'>et</span> <span class='ocrx_word' id='word_1_134' title='bbox 1311 2459 1627 2531; x_wconf 92' lang='lat' dir='ltr'>quattuor</span> <span class='ocrx_word' id='word_1_135' title='bbox 1669 2457 1893 2512; x_wconf 70' lang='lat' dir='ltr'>muros</span> <span class='ocrx_word' id='word_1_136' title='bbox 1936 2458 2084 2531; x_wconf 76' lang='lat' dir='ltr'>Cepi</span> <span class='ocrx_word' id='word_1_137' title='bbox 2129 2459 2196 2513; x_wconf 89' lang='lat' dir='ltr'>et</span> <span class='ocrx_word' id='word_1_138' title='bbox 2246 2470 2466 2513; x_wconf 89' lang='lat' dir='ltr'>arcem</span> 
     </span>
     <span class='ocr_line' id='line_1_19' title="bbox 365 2538 2541 2644; baseline 0 -18"><span class='ocrx_word' id='word_1_139' title='bbox 365 2572 595 2627; x_wconf 73' lang='lat' dir='ltr'>eorum</span> <span class='ocrx_word' id='word_1_140' title='bbox 632 2571 859 2637; x_wconf 74' lang='lat' dir='ltr'>totam,</span> <span class='ocrx_word' id='word_1_141' title='bbox 896 2581 976 2624; x_wconf 87' lang='lat' dir='ltr'>ex</span> <span class='ocrx_word' id='word_1_142' title='bbox 1012 2569 1144 2644; x_wconf 70' lang='lat' dir='ltr'>qua</span> <span class='ocrx_word' id='word_1_143' title='bbox 1185 2569 1292 2624; x_wconf 75' lang='lat' dir='ltr'>me</span> <span class='ocrx_word' id='word_1_144' title='bbox 1334 2561 1539 2638; x_wconf 76' lang='lat' dir='ltr'>niveS,</span> <span class='ocrx_word' id='word_1_145' title='bbox 1580 2538 1850 2643; x_wconf 81' lang='lat' dir='ltr'>frigora,</span> <span class='ocrx_word' id='word_1_146' title='bbox 1892 2562 2137 2625; x_wconf 73' lang='lat' dir='ltr'>imbres</span> <span class='ocrx_word' id='word_1_147' title='bbox 2178 2562 2467 2624; x_wconf 71' lang='lat' dir='ltr'>detruse·</span> <span class='ocrx_word' id='word_1_148' title='bbox 2513 2578 2541 2626; x_wconf 88' lang='grc'>5</span> 
     </span>
     <span class='ocr_line' id='line_1_20' title="bbox 366 2651 2465 2758; baseline -0.001 -20"><span class='ocrx_word' id='word_1_149' title='bbox 366 2685 521 2738; x_wconf 90' lang='lat' dir='ltr'>runt</span> <span class='ocrx_word' id='word_1_150' title='bbox 556 2675 983 2757; x_wconf 73' lang='lat' dir='ltr'>indigneque,</span> <span class='ocrx_word' id='word_1_151' title='bbox 1019 2684 1112 2736; x_wconf 77' lang='lat' dir='ltr'>mi</span> <span class='ocrx_word' id='word_1_152' title='bbox 1148 2651 1399 2751; x_wconf 74' lang='lat' dir='ltr'>Cicero,</span> <span class='ocrx_word' id='word_1_153' title='bbox 1435 2674 1757 2758; x_wconf 90' lang='lat' dir='ltr'>oppidum</span> <span class='ocrx_word' id='word_1_154' title='bbox 1802 2684 2071 2757; x_wconf 89' lang='lat' dir='ltr'>captum</span> <span class='ocrx_word' id='word_1_155' title='bbox 2111 2684 2177 2738; x_wconf 89' lang='lat' dir='ltr'>et</span> <span class='ocrx_word' id='word_1_156' title='bbox 2217 2674 2465 2737; x_wconf 92' lang='lat' dir='ltr'>bellum</span> 
     </span>
    </p>
   </div>
   <div class='ocr_carea' id='block_1_6' title="bbox 351 2857 2468 3752">
    <p class='ocr_par' dir='ltr' id='par_1_6' title="bbox 351 2857 2468 3173">
     <span class='ocr_line' id='line_1_21' title="bbox 372 2857 2468 2924; baseline -0 -16"><span class='ocrx_word' id='word_1_157' title='bbox 372 2874 445 2921; x_wconf 89' lang='lat'>14.</span> <span class='ocrx_word' id='word_1_158' title='bbox 481 2859 539 2909; x_wconf 87' lang='lat' dir='ltr'>in</span> <span class='ocrx_word' id='word_1_159' title='bbox 575 2858 861 2911; x_wconf 79' lang='lat' dir='ltr'>consilium</span> <span class='ocrx_word' id='word_1_160' title='bbox 893 2857 979 2917; x_wconf 83' lang='lat' dir='ltr'>iri,</span> <span class='ocrx_word' id='word_1_161' title='bbox 1012 2859 1124 2908; x_wconf 74' lang='lat' dir='ltr'>that</span> <span class='ocrx_word' id='word_1_162' title='bbox 1151 2859 1232 2908; x_wconf 74' lang='lat' dir='ltr'>the</span> <span class='ocrx_word' id='word_1_163' title='bbox 1256 2858 1393 2924; x_wconf 85' lang='lat' dir='ltr'><em>jury</em></span> <span class='ocrx_word' id='word_1_164' title='bbox 1445 2859 1531 2908; x_wconf 90' lang='lat' dir='ltr'>the</span> <span class='ocrx_word' id='word_1_165' title='bbox 1577 2860 1730 2909; x_wconf 87' lang='lat' dir='ltr'>death</span> <span class='ocrx_word' id='word_1_166' title='bbox 1776 2859 1834 2908; x_wconf 89' lang='lat' dir='ltr'>of</span> <span class='ocrx_word' id='word_1_167' title='bbox 1878 2860 2004 2909; x_wconf 90' lang='lat' dir='ltr'>Cato</span> <span class='ocrx_word' id='word_1_168' title='bbox 2050 2860 2152 2909; x_wconf 86' lang='lat' dir='ltr'>and</span> <span class='ocrx_word' id='word_1_169' title='bbox 2202 2860 2255 2907; x_wconf 90' lang='lat' dir='ltr'>in</span> <span class='ocrx_word' id='word_1_170' title='bbox 2301 2859 2468 2907; x_wconf 89' lang='lat' dir='ltr'>which</span> 
     </span>
     <span class='ocr_line' id='line_1_22' title="bbox 365 2941 2467 3005; baseline -0.001 -14"><span class='ocrx_word' id='word_1_171' title='bbox 365 2943 546 2991; x_wconf 75' lang='lat' dir='ltr'>should</span> <span class='ocrx_word' id='word_1_172' title='bbox 583 2943 850 2991; x_wconf 85' lang='lat' dir='ltr'>deliberate</span> <span class='ocrx_word' id='word_1_173' title='bbox 895 2950 1032 3005; x_wconf 86' lang='lat' dir='ltr'><em>upon</em></span> <span class='ocrx_word' id='word_1_174' title='bbox 1079 2943 1143 2990; x_wconf 83' lang='lat' dir='ltr'>its</span> <span class='ocrx_word' id='word_1_175' title='bbox 1180 2942 1388 2990; x_wconf 83' lang='lat' dir='ltr'>verdict.</span> <span class='ocrx_word' id='word_1_176' title='bbox 1443 2942 1620 2990; x_wconf 90' lang='lat' dir='ltr'>Cicero</span> <span class='ocrx_word' id='word_1_177' title='bbox 1655 2944 1756 2991; x_wconf 86' lang='lat' dir='ltr'>and</span> <span class='ocrx_word' id='word_1_178' title='bbox 1792 2943 1971 2991; x_wconf 83' lang='lat' dir='ltr'>Brutus</span> <span class='ocrx_word' id='word_1_179' title='bbox 2006 2943 2107 2992; x_wconf 90' lang='lat' dir='ltr'>had</span> <span class='ocrx_word' id='word_1_180' title='bbox 2141 2941 2246 2991; x_wconf 86' lang='lat' dir='ltr'>also</span> <span class='ocrx_word' id='word_1_181' title='bbox 2270 2942 2467 2991; x_wconf 85' lang='lat' dir='ltr'>written</span> 
     </span>
     <span class='ocr_line' id='line_1_23' title="bbox 372 3022 2468 3090; baseline 0.001 -18"><span class='ocrx_word' id='word_1_182' title='bbox 372 3024 445 3073; x_wconf 91' lang='lat'>18.</span> <span class='ocrx_word' id='word_1_183' title='bbox 503 3024 709 3075; x_wconf 83' lang='lat' dir='ltr'>bellum</span> <span class='ocrx_word' id='word_1_184' title='bbox 756 3022 1058 3083; x_wconf 82' lang='lat' dir='ltr'>tibicinem,</span> <span class='ocrx_word' id='word_1_185' title='bbox 1109 3040 1142 3072; x_wconf 91' lang='lat' dir='ltr'>a</span> <span class='ocrx_word' id='word_1_186' title='bbox 1197 3024 1397 3090; x_wconf 86' lang='lat' dir='ltr'>skillful</span> <span class='ocrx_word' id='word_1_187' title='bbox 1443 3041 1511 3072; x_wconf 90' lang='lat' dir='ltr'>on</span> <span class='ocrx_word' id='word_1_188' title='bbox 1558 3025 1643 3073; x_wconf 90' lang='lat' dir='ltr'>the</span> <span class='ocrx_word' id='word_1_189' title='bbox 1690 3041 1787 3073; x_wconf 88' lang='lat' dir='ltr'>one</span> <span class='ocrx_word' id='word_1_190' title='bbox 1833 3026 1956 3084; x_wconf 87' lang='lat' dir='ltr'>side,</span> <span class='ocrx_word' id='word_1_191' title='bbox 1997 3027 2098 3074; x_wconf 86' lang='lat' dir='ltr'>and</span> <span class='ocrx_word' id='word_1_192' title='bbox 2143 3025 2326 3074; x_wconf 90' lang='lat' dir='ltr'>Caesar</span> <span class='ocrx_word' id='word_1_193' title='bbox 2366 3025 2468 3074; x_wconf 89' lang='lat' dir='ltr'>and</span> 
     </span>
     <span class='ocr_line' id='line_1_24' title="bbox 351 3106 2059 3173; baseline 0.001 -18"><span class='ocrx_word' id='word_1_194' title='bbox 351 3107 694 3172; x_wconf 76' lang='lat' dir='ltr'>flate-player.</span> <span class='ocrx_word' id='word_1_195' title='bbox 719 3134 785 3143; x_wconf 91' lang='lat'>—</span> <span class='ocrx_word' id='word_1_196' title='bbox 807 3106 913 3165; x_wconf 70' lang='lat' dir='ltr'>sat,</span> <span class='ocrx_word' id='word_1_197' title='bbox 939 3127 988 3150; x_wconf 91' lang='lat'><strong><em>=</em></strong></span> <span class='ocrx_word' id='word_1_198' title='bbox 1012 3108 1168 3163; x_wconf 88' lang='lat' dir='ltr'>satis‚·</span> <span class='ocrx_word' id='word_1_199' title='bbox 1200 3107 1389 3173; x_wconf 84' lang='lat' dir='ltr'>fairly,</span> <span class='ocrx_word' id='word_1_200' title='bbox 1444 3107 1641 3156; x_wconf 88' lang='lat' dir='ltr'>Hirtius</span> <span class='ocrx_word' id='word_1_201' title='bbox 1677 3123 1744 3155; x_wconf 90' lang='lat' dir='ltr'>on</span> <span class='ocrx_word' id='word_1_202' title='bbox 1780 3108 1865 3156; x_wconf 89' lang='lat' dir='ltr'>the</span> <span class='ocrx_word' id='word_1_203' title='bbox 1900 3108 2059 3156; x_wconf 87' lang='lat' dir='ltr'>other.</span> 
     </span>
    </p>

    <p class='ocr_par' dir='ltr' id='par_1_7' title="bbox 364 3189 2467 3752">
     <span class='ocr_line' id='line_1_25' title="bbox 368 3189 2466 3254; baseline 0 -16"><span class='ocrx_word' id='word_1_204' title='bbox 368 3190 682 3253; x_wconf 82' lang='lat' dir='ltr'>moderately.</span> <span class='ocrx_word' id='word_1_205' title='bbox 774 3202 849 3251; x_wconf 91' lang='lat'>19.</span> <span class='ocrx_word' id='word_1_206' title='bbox 890 3189 1094 3241; x_wconf 79' lang='lat' dir='ltr'>Sardos</span> <span class='ocrx_word' id='word_1_207' title='bbox 1130 3225 1142 3237; x_wconf 91' lang='lat'><strong>.</strong></span> <span class='ocrx_word' id='word_1_208' title='bbox 1187 3226 1199 3238; x_wconf 91' lang='lat'><strong>.</strong></span> <span class='ocrx_word' id='word_1_209' title='bbox 1245 3226 1256 3237; x_wconf 93' lang='lat'><strong>.</strong></span> <span class='ocrx_word' id='word_1_210' title='bbox 1299 3203 1391 3239; x_wconf 86' lang='lat' dir='ltr'>ne-</span> <span class='ocrx_word' id='word_1_211' title='bbox 1530 3190 1699 3238; x_wconf 91' lang='lat' dir='ltr'><strong>XLII.</strong></span> <span class='ocrx_word' id='word_1_212' title='bbox 1756 3190 1999 3249; x_wconf 87' lang='lat' dir='ltr'>Vatinius,</span> <span class='ocrx_word' id='word_1_213' title='bbox 2052 3191 2137 3239; x_wconf 89' lang='lat' dir='ltr'>the</span> <span class='ocrx_word' id='word_1_214' title='bbox 2197 3206 2466 3254; x_wconf 87' lang='lat' dir='ltr'>unscrupu·</span> 
     </span>
     <span class='ocr_line' id='line_1_26' title="bbox 367 3271 2464 3336; baseline -0.002 -13"><span class='ocrx_word' id='word_1_215' title='bbox 367 3271 640 3336; x_wconf 75' lang='lat' dir='ltr'>quierem:</span> <span class='ocrx_word' id='word_1_216' title='bbox 713 3272 980 3321; x_wconf 86' lang='lat' dir='ltr'>Sardinian</span> <span class='ocrx_word' id='word_1_217' title='bbox 1040 3272 1201 3320; x_wconf 87' lang='lat' dir='ltr'>slaves</span> <span class='ocrx_word' id='word_1_218' title='bbox 1261 3288 1390 3321; x_wconf 88' lang='lat' dir='ltr'>were</span> <span class='ocrx_word' id='word_1_219' title='bbox 1442 3272 1552 3321; x_wconf 86' lang='lat' dir='ltr'>lous</span> <span class='ocrx_word' id='word_1_220' title='bbox 1592 3272 1695 3320; x_wconf 92' lang='lat' dir='ltr'>tool</span> <span class='ocrx_word' id='word_1_221' title='bbox 1735 3273 1792 3321; x_wconf 82' lang='lat' dir='ltr'>of</span> <span class='ocrx_word' id='word_1_222' title='bbox 1825 3273 2021 3332; x_wconf 88' lang='lat' dir='ltr'>Caesar,</span> <span class='ocrx_word' id='word_1_223' title='bbox 2057 3289 2157 3321; x_wconf 86' lang='lat' dir='ltr'>was</span> <span class='ocrx_word' id='word_1_224' title='bbox 2198 3289 2311 3321; x_wconf 88' lang='lat' dir='ltr'>now</span> <span class='ocrx_word' id='word_1_225' title='bbox 2344 3288 2464 3335; x_wconf 88' lang='lat' dir='ltr'>gov-</span> 
     </span>
     <span class='ocr_line' id='line_1_27' title="bbox 366 3354 2466 3418; baseline 0 -15"><span class='ocrx_word' id='word_1_226' title='bbox 366 3355 486 3404; x_wconf 89' lang='lat' dir='ltr'>held</span> <span class='ocrx_word' id='word_1_227' title='bbox 520 3355 573 3403; x_wconf 88' lang='lat' dir='ltr'>in</span> <span class='ocrx_word' id='word_1_228' title='bbox 607 3355 697 3403; x_wconf 87' lang='lat' dir='ltr'>but</span> <span class='ocrx_word' id='word_1_229' title='bbox 730 3354 882 3418; x_wconf 86' lang='lat' dir='ltr'>slight</span> <span class='ocrx_word' id='word_1_230' title='bbox 914 3360 1100 3404; x_wconf 89' lang='lat' dir='ltr'>esteem</span> <span class='ocrx_word' id='word_1_231' title='bbox 1131 3361 1182 3403; x_wconf 86' lang='lat' dir='ltr'>at</span> <span class='ocrx_word' id='word_1_232' title='bbox 1212 3356 1389 3403; x_wconf 88' lang='lat' dir='ltr'>Rome.</span> <span class='ocrx_word' id='word_1_233' title='bbox 1444 3371 1590 3403; x_wconf 88' lang='lat' dir='ltr'>ernor</span> <span class='ocrx_word' id='word_1_234' title='bbox 1608 3355 1666 3403; x_wconf 82' lang='lat' dir='ltr'>of</span> <span class='ocrx_word' id='word_1_235' title='bbox 1684 3355 1952 3418; x_wconf 90' lang='lat' dir='ltr'>Illyricum.</span> <span class='ocrx_word' id='word_1_236' title='bbox 2001 3356 2175 3404; x_wconf 88' lang='lat' dir='ltr'>Cicero</span> <span class='ocrx_word' id='word_1_237' title='bbox 2194 3356 2296 3405; x_wconf 91' lang='lat' dir='ltr'>had</span> <span class='ocrx_word' id='word_1_238' title='bbox 2320 3357 2466 3404; x_wconf 89' lang='lat' dir='ltr'>made</span> 
     </span>
     <span class='ocr_line' id='line_1_28' title="bbox 369 3435 2460 3502; baseline -0 -16"><span class='ocrx_word' id='word_1_239' title='bbox 369 3451 446 3487; x_wconf 89' lang='lat'>21.</span> <span class='ocrx_word' id='word_1_240' title='bbox 492 3435 782 3497; x_wconf 77' lang='lat' dir='ltr'>salaconis,</span> <span class='ocrx_word' id='word_1_241' title='bbox 831 3438 1082 3501; x_wconf 80' lang='lat' dir='ltr'>braggart.</span> <span class='ocrx_word' id='word_1_242' title='bbox 1105 3464 1173 3473; x_wconf 94' lang='lat'>—</span> <span class='ocrx_word' id='word_1_243' title='bbox 1194 3436 1392 3501; x_wconf 85' lang='lat' dir='ltr'>iniqui-</span> <span class='ocrx_word' id='word_1_244' title='bbox 1443 3453 1473 3486; x_wconf 86' lang='lat' dir='ltr'>a</span> <span class='ocrx_word' id='word_1_245' title='bbox 1498 3439 1648 3486; x_wconf 87' lang='lat' dir='ltr'>bitter</span> <span class='ocrx_word' id='word_1_246' title='bbox 1672 3439 1841 3486; x_wconf 85' lang='lat' dir='ltr'>attaek</span> <span class='ocrx_word' id='word_1_247' title='bbox 1874 3455 2010 3502; x_wconf 90' lang='lat' dir='ltr'>upon</span> <span class='ocrx_word' id='word_1_248' title='bbox 2044 3439 2150 3486; x_wconf 88' lang='lat' dir='ltr'>him</span> <span class='ocrx_word' id='word_1_249' title='bbox 2185 3439 2236 3487; x_wconf 86' lang='lat' dir='ltr'>in</span> <span class='ocrx_word' id='word_1_250' title='bbox 2270 3438 2332 3502; x_wconf 86' lang='lat'>56</span> <span class='ocrx_word' id='word_1_251' title='bbox 2360 3450 2460 3486; x_wconf 86' lang='lat' dir='ltr'><strong>B.C.</strong></span> 
     </span>
     <span class='ocr_line' id='line_1_29' title="bbox 365 3519 2467 3580; baseline -0.001 -9"><span class='ocrx_word' id='word_1_252' title='bbox 365 3521 556 3580; x_wconf 79' lang='lat' dir='ltr'>tatem,</span> <span class='ocrx_word' id='word_1_253' title='bbox 609 3520 1092 3569; x_wconf 84' lang='lat' dir='ltr'>unreasonableness.</span> <span class='ocrx_word' id='word_1_254' title='bbox 1130 3533 1200 3556; x_wconf 83' lang='lat'>·—</span> <span class='ocrx_word' id='word_1_255' title='bbox 1233 3519 1392 3571; x_wconf 83' lang='lat' dir='ltr'>Cato-</span> <span class='ocrx_word' id='word_1_256' title='bbox 1443 3521 1495 3568; x_wconf 89' lang='lat' dir='ltr'>in</span> <span class='ocrx_word' id='word_1_257' title='bbox 1521 3522 1605 3569; x_wconf 88' lang='lat' dir='ltr'>the</span> <span class='ocrx_word' id='word_1_258' title='bbox 1639 3522 1819 3569; x_wconf 81' lang='lat' dir='ltr'>Oratio</span> <span class='ocrx_word' id='word_1_259' title='bbox 1851 3523 1910 3569; x_wconf 87' lang='lat' dir='ltr'>in</span> <span class='ocrx_word' id='word_1_260' title='bbox 1948 3523 2231 3579; x_wconf 82' lang='lat' dir='ltr'>Vatinium,</span> <span class='ocrx_word' id='word_1_261' title='bbox 2256 3522 2346 3569; x_wconf 87' lang='lat' dir='ltr'>but</span> <span class='ocrx_word' id='word_1_262' title='bbox 2369 3526 2467 3568; x_wconf 87' lang='lat' dir='ltr'>two</span> 
     </span>
     <span class='ocr_line' id='line_1_30' title="bbox 365 3603 2467 3667; baseline -0.001 -14"><span class='ocrx_word' id='word_1_263' title='bbox 365 3616 519 3653; x_wconf 83' lang='lat' dir='ltr'>nem:</span> <span class='ocrx_word' id='word_1_264' title='bbox 561 3603 746 3653; x_wconf 84' lang='lat' dir='ltr'>Fadius</span> <span class='ocrx_word' id='word_1_265' title='bbox 769 3603 871 3652; x_wconf 92' lang='lat' dir='ltr'>had</span> <span class='ocrx_word' id='word_1_266' title='bbox 895 3603 1048 3651; x_wconf 87' lang='lat' dir='ltr'>taken</span> <span class='ocrx_word' id='word_1_267' title='bbox 1071 3609 1183 3667; x_wconf 86' lang='lat' dir='ltr'>part</span> <span class='ocrx_word' id='word_1_268' title='bbox 1216 3603 1269 3650; x_wconf 88' lang='lat' dir='ltr'>in</span> <span class='ocrx_word' id='word_1_269' title='bbox 1304 3604 1390 3652; x_wconf 87' lang='lat' dir='ltr'>the</span> <span class='ocrx_word' id='word_1_270' title='bbox 1441 3619 1583 3666; x_wconf 86' lang='lat' dir='ltr'>years</span> <span class='ocrx_word' id='word_1_271' title='bbox 1613 3604 1737 3652; x_wconf 86' lang='lat' dir='ltr'>later</span> <span class='ocrx_word' id='word_1_272' title='bbox 1768 3604 2020 3653; x_wconf 82' lang='lat' dir='ltr'>defended</span> <span class='ocrx_word' id='word_1_273' title='bbox 2048 3604 2152 3652; x_wconf 89' lang='lat' dir='ltr'>him</span> <span class='ocrx_word' id='word_1_274' title='bbox 2183 3610 2234 3652; x_wconf 87' lang='lat' dir='ltr'>at</span> <span class='ocrx_word' id='word_1_275' title='bbox 2269 3603 2353 3651; x_wconf 89' lang='lat' dir='ltr'>the</span> <span class='ocrx_word' id='word_1_276' title='bbox 2389 3619 2467 3651; x_wconf 88' lang='lat' dir='ltr'>ur·</span> 
     </span>
     <span class='ocr_line' id='line_1_31' title="bbox 364 3685 2467 3752; baseline -0.001 -17"><span class='ocrx_word' id='word_1_277' title='bbox 364 3686 801 3752; x_wconf 87' lang='lat' dir='ltr'>pamphleteering</span> <span class='ocrx_word' id='word_1_278' title='bbox 829 3702 929 3734; x_wconf 86' lang='lat' dir='ltr'>war</span> <span class='ocrx_word' id='word_1_279' title='bbox 959 3685 1122 3734; x_wconf 88' lang='lat' dir='ltr'>which</span> <span class='ocrx_word' id='word_1_280' title='bbox 1159 3685 1391 3735; x_wconf 88' lang='lat' dir='ltr'>followed</span> <span class='ocrx_word' id='word_1_281' title='bbox 1442 3693 1565 3749; x_wconf 88' lang='lat' dir='ltr'>gent</span> <span class='ocrx_word' id='word_1_282' title='bbox 1587 3693 1785 3751; x_wconf 86' lang='lat' dir='ltr'>request</span> <span class='ocrx_word' id='word_1_283' title='bbox 1817 3687 1875 3734; x_wconf 87' lang='lat' dir='ltr'>of</span> <span class='ocrx_word' id='word_1_284' title='bbox 1903 3686 2099 3745; x_wconf 87' lang='lat' dir='ltr'>Caesar,</span> <span class='ocrx_word' id='word_1_285' title='bbox 2132 3686 2183 3734; x_wconf 88' lang='lat' dir='ltr'>in</span> <span class='ocrx_word' id='word_1_286' title='bbox 2216 3702 2247 3734; x_wconf 97' lang='lat' dir='ltr'>a</span> <span class='ocrx_word' id='word_1_287' title='bbox 2280 3685 2467 3750; x_wconf 88' lang='lat' dir='ltr'>speech</span> 
     </span>
    </p>
   </div>
  </div>
 </body>
</html>
