2950 4150
374 1247 429 1279 10

375 1806 426 1852 15

478 268 558 316 22
978 263 1626 315 CORRESPONDENCE
1670 262 1760 314 OF
1803 262 2070 315 CICERO.

477 458 638 514 ram,
666 458 866 520 quam
893 438 1053 500 mihi
1079 439 1456 502 Canusinus
1482 447 1635 501 tuus
1668 439 1913 520 hospes
1940 439 2262 517 reddidit3
2296 441 2578 518 tertiam,

479 571 698 633 quam,
727 560 800 613 ut
825 550 1075 627 scribiS,
1100 558 1344 613 ancora
1370 551 1587 613 solfita
1619 551 1702 613 de·
1727 552 2004 634 phaselo
2036 551 2291 616 dedisti.
2390 554 2581 636 Quae

477 664 749 726 fuorunt
795 671 1043 738 omnos,
1093 671 1167 726 ut
1214 664 1552 727 rhetorum
1600 673 1791 745 pueri
1838 663 2217 746 loquuntur,
2267 686 2419 728 cum
2468 667 2581 728 hfi-

479 775 812 838 manitatis
888 795 1160 857 sparsae
1236 776 1390 852 sale,
1460 785 1602 838 tum
1677 785 1973 858 insignos
2056 778 2299 840 amoris
2387 788 2575 841 notis,

478 887 739 970 Quibus
786 886 1087 969 epistulis
1135 908 1280 951 sum
1328 888 1638 970 equidem
1686 889 1805 952 abs
1851 896 1918 951 te
1963 889 2309 953 lacessitus
2357 890 2442 953 ad
2488 911 2582 953 re-

476 1000 918 1086 scribendum,
965 1001 1083 1063 sed
1125 1000 1371 1064 idcirco
1403 1021 1549 1063 sum
1596 1001 1863 1077 tardior,
1908 1002 2085 1083 quod
2132 1010 2266 1064 non
2313 1002 2580 1066 invenio

475 1113 739 1176 fidelem
813 1113 1246 1176 tabellarium.
1388 1113 1653 1196 Quotus
1715 1113 1894 1176 enim
1962 1113 2242 1196 quisque
2304 1125 2407 1178 est
2468 1126 2582 1197 qui

475 1224 831 1307 epistulam
878 1224 1078 1306 paulo
1118 1225 1499 1306 graviorem
1549 1227 1727 1288 ferre
1777 1225 2006 1314 possit,
2056 1225 2184 1289 nisi
2236 1247 2383 1290 eam
2439 1248 2580 1310 per-

475 1337 758 1400 loctione
803 1337 1152 1400 relevorit?
1244 1337 1532 1400 Accodit
1572 1346 1654 1401 eo
1699 1338 1877 1420 quod
1919 1338 2081 1401 mihi
2112 1347 2246 1401 non
2286 1340 2577 1422 prodest,

477 1459 548 1511 ut
587 1449 867 1531 quisque
908 1449 977 1512 in
1022 1435 1300 1531 Epirum
1348 1449 1800 1531 proficiscitur.
1899 1452 2047 1532 Ego
2091 1451 2267 1513 enim
2309 1459 2376 1514 to
2419 1452 2581 1515 arbi·

475 1571 614 1624 tror
654 1571 866 1625 caesis
910 1563 1090 1644 apud
1132 1561 1566 1624 Amaltheam
1612 1573 1797 1625 tuam
1840 1563 2122 1626 victimis
2166 1564 2385 1626 statim
2431 1583 2578 1627 esse

476 1675 561 1737 ad
605 1674 962 1759 Sicyonem
1008 1675 1540 1757 oppiignandum
1582 1676 1977 1757 profectum.
2076 1677 2313 1758 Neque
2355 1685 2580 1739 tamen

475 1787 541 1849 id
594 1787 814 1868 ipsum
867 1796 1120 1851 certum
1176 1787 1410 1863 habeo,
1463 1788 1733 1870 quando
1779 1788 1865 1851 ad
1906 1788 2281 1851 Antonium
2329 1790 2581 1870 profici-

476 1906 662 1962 scote
710 1909 823 1961 aut
870 1899 1028 1981 quid
1081 1899 1148 1963 in
1207 1885 1412 1982 Epiro
1473 1900 1792 1982 temporis
1854 1909 2083 1982 ponas.
2199 1901 2302 1963 Ita
2362 1921 2579 1983 neque

476 2011 793 2075 Achaicis
850 2011 1228 2076 hominibus
1278 2032 1497 2095 neque
1563 1996 1917 2094 Epiroticis
1979 2012 2180 2095 paulo
2241 2013 2579 2076 liberiores

475 2124 726 2187 litteras
760 2125 1174 2188 committere
1207 2126 1439 2188 audeo.
1537 2126 1709 2189 Sunt
1752 2136 1972 2189 autem
2017 2135 2170 2206 post
2212 2126 2577 2189 discessum

475 2244 512 2299 a
546 2245 652 2299 mo
689 2248 876 2300 tuum
919 2244 1023 2300 ros
1067 2237 1310 2318 dignae
1353 2236 1588 2300 litteris
1635 2247 1896 2314 nostriS,
1944 2238 2060 2300 sed
2108 2246 2236 2299 non
2289 2238 2581 2301 commit-

474 2349 716 2413 tendae
750 2349 889 2412 eius
922 2350 1101 2412 modi
1132 2349 1443 2431 periculo,
1481 2360 1553 2412 ut
1586 2359 1699 2412 aut
1730 2350 1997 2412 interire
2036 2359 2150 2412 aut
2193 2359 2435 2430 aperiri
2466 2360 2579 2412 aut

474 2461 779 2543 intercipi
824 2461 1099 2543 possint.
1196 2462 1487 2524 Primum
1530 2462 1730 2543 igitur
1772 2471 1936 2525 scito
1979 2472 2265 2543 primum
2305 2469 2411 2524 mo
2443 2470 2577 2524 non

474 2640 702 2688 between
733 2638 885 2702 thirty
908 2640 1009 2688 and
1039 2639 1171 2703 sorty
1197 2639 1340 2688 miles
1372 2640 1501 2688 from
1552 2641 1668 2696 sal,·
1726 2639 1826 2688 this
1878 2640 1920 2689 is
1972 2640 2058 2688 the
2111 2639 2227 2701 only
2278 2655 2577 2687 occurrence

475 2723 654 2770 Rome.
728 2735 773 2784 3.
809 2721 1114 2773 Canusinus
1137 2723 1263 2773 tuus
1287 2723 1499 2786 hospes,
1553 2723 1611 2770 of
1639 2724 1724 2771 the
1761 2724 1911 2771 word.
1988 2735 2060 2785 13.
2096 2721 2460 2780 Amaltheam,
2492 2722 2577 2770 the

463 2820 603 2867 your
622 2806 729 2853 host
753 2812 810 2852 at
839 2806 1140 2853 Canusium.
1213 2821 1260 2866 4.
1302 2818 1499 2856 ancora
1552 2805 1666 2854 villa
1706 2806 1764 2854 of
1794 2805 1991 2853 Atticus
2032 2821 2152 2852 near
2187 2805 2486 2852 Buthrotum
2526 2806 2577 2852 in

473 2887 679 2937 soluta:
718 2894 763 2935 to
790 2888 944 2952 weigh
972 2888 1226 2937 anchoris
1253 2888 1498 2951 regularly
1552 2888 1748 2951 Epirus,
1791 2905 1845 2935 or
1887 2887 1972 2935 the
2018 2888 2199 2948 library
2241 2887 2297 2934 of
2337 2887 2422 2934 the
2463 2887 2578 2935 villa

473 2985 717 3017 ancoram
758 2970 1278 3034 tollere.—phaselo,
1317 2987 1347 3019 a
1388 2987 1497 3018 nar·
1551 2970 1751 3034 simply3
1797 2971 1881 3019 the
1906 2986 2052 3018 name
2086 2969 2336 3031 evidently
2360 2969 2451 3018 has
2482 2969 2575 3017 ref-

472 3067 590 3109 row,
626 3052 814 3114 usually
847 3052 974 3114 light
1006 3053 1183 3112 vessel,
1218 3069 1274 3101 so
1314 3055 1496 3102 named
1552 3068 1729 3101 erence
1763 3060 1814 3101 to
1846 3053 1932 3101 the
1967 3053 2155 3116 nymph
2182 3052 2464 3110 Amalthea,
2487 3052 2577 3100 but

472 3135 601 3182 from
632 3135 696 3183 its
726 3135 1067 3184 resemblance
1101 3136 1154 3184 in
1189 3136 1346 3199 shape
1381 3143 1433 3184 to
1468 3152 1498 3184 a
1551 3136 1613 3184 its
1637 3142 1779 3184 exact
1810 3136 2142 3198 signification
2171 3135 2212 3182 is
2247 3141 2336 3182 not
2371 3135 2574 3182 known.

472 3217 661 3280 kidney
683 3218 830 3265 bean.
917 3230 961 3283 5.
1002 3212 1365 3268 humanitatis
1391 3254 1402 3266 .
1435 3255 1446 3267 .
1479 3254 1490 3266 .
1549 3219 1748 3267 Atticus
1794 3234 1896 3267 was
1951 3218 2218 3280 intending
2268 3224 2320 3266 to
2375 3216 2574 3265 enforce

472 3300 602 3359 sale,
635 3301 830 3364 elegant
860 3302 965 3349 wit.
1034 3301 1079 3349 6.
1115 3300 1276 3359 notis,
1311 3302 1489 3349 tokens.
1549 3309 1786 3366 payment
1819 3301 1875 3349 of
1904 3308 2040 3349 taxes
2074 3316 2130 3350 or
2159 3299 2303 3348 loans
2338 3301 2435 3348 due
2470 3299 2574 3346 him

474 3395 520 3446 7.
548 3382 853 3442 lacessitus,
879 3384 1211 3447 importuned.
1286 3398 1332 3445 9.
1363 3383 1495 3450 Quo·
1548 3385 1676 3433 from
1733 3385 1819 3433 the
1877 3383 2188 3447 Sicyonians,
2240 3383 2341 3431 and
2398 3382 2573 3430 Cicero

470 3465 564 3514 tus
591 3501 601 3513 .
630 3501 641 3514 .
666 3502 678 3514 .
704 3464 931 3530 quisque
959 3467 1062 3526 est,
1088 3467 1197 3515 how
1224 3483 1382 3530 many
1405 3482 1497 3515 are
1547 3467 1712 3516 likens
1752 3467 1857 3515 him
1897 3473 1951 3514 to
1992 3483 2022 3514 a
2057 3464 2260 3528 general
2295 3465 2576 3526 sacrificing

471 3548 646 3597 there?
718 3562 795 3597 10.
834 3547 1162 3613 graviorem:
1214 3551 1353 3598 there
1389 3550 1430 3597 is
1465 3566 1496 3598 a
1549 3550 1720 3599 before
1748 3549 1958 3612 starting
1993 3549 2067 3596 for
2103 3549 2187 3596 the
2223 3554 2330 3596 seat
2366 3547 2422 3595 of
2452 3563 2566 3595 war.

470 3630 586 3694 play
615 3647 752 3694 upon
787 3633 873 3680 the
910 3638 1008 3680 two
1045 3633 1307 3695 meanings
1338 3634 1497 3695 heavy
1554 3645 1628 3698 15.
1652 3631 1965 3690 Antonium,
1987 3647 2233 3694 governor
2258 3630 2313 3678 of
2335 3631 2572 3678 Macedo·

470 3714 571 3761 and
597 3714 887 3778 important.
909 3713 1328 3780 —perlectione‚
1342 3723 1497 3778 peru-
1548 3715 1644 3765 nia.
1743 3715 1816 3764 16.
1850 3726 2038 3779 ponas,
2073 3714 2239 3777 spend.
2332 3725 2410 3762 21.
2451 3724 2573 3777 pos-
