2950 4150
498 237 588 316 46
999 248 1651 299 CORRESPONDENCE
1693 250 1785 300 OF
1826 249 2097 299 C1CERo.

502 422 754 504 loquar.
847 422 952 486 Ta
1002 422 1257 486 interee
1303 431 1439 486 nen
1487 423 1781 486 cessabis
1822 433 1889 487 et
1930 443 2011 487 ea
2052 443 2223 505 quae
2267 424 2474 487 habes
2515 434 2609 487 in-

503 534 735 598 stitfita
767 536 1099 619 perpolies
1132 545 1388 621 nesque
1420 536 1675 618 diliges,

743 762 935 826 XIX.
1029 765 1099 827 A
1162 763 1681 828 PURCHASE
1743 763 1869 827 OF
1933 763 2366 828 STATUES

1205 873 1420 959 (Fam.
1473 890 1529 956 7.
1579 892 1679 955 23.
1734 874 1899 960 1—3).

1029 1045 1242 1098 eicere
1286 1046 1349 1096 S.
1395 1047 1466 1095 D.
1512 1047 1598 1096 M.
1643 1046 1839 1098 Padi&
1882 1046 2076 1097 Galle.

591 1198 885 1261 Tantum
937 1198 1114 1280 quod
1169 1218 1249 1261 ex
1297 1199 1614 1279 Arpinati
1656 1205 1971 1261 veneram
2029 1218 2180 1261 cum
2235 1197 2397 1260 mihi
2449 1206 2486 1260 Ξί
2542 1209 2610 1262 te

504 1311 762 1374 litterae
814 1310 1111 1373 redditae
1161 1321 1334 1386 sunt,
1385 1311 1470 1373 ab
1519 1312 1887 1394 eedemque
1941 1317 2171 1392 accepi
2217 1310 2466 1373 Avieni
2513 1311 2610 1373 lit-

505 1431 698 1497 teriS,
749 1423 815 1485 in
871 1422 1111 1505 quibus
1167 1423 1291 1486 hec
1347 1423 1559 1486 inerat
1614 1423 2165 1499 liberalissimum,
2214 1422 2484 1486 nemina
2535 1432 2609 1485 se

503 1535 857 1611 factfirum,
922 1554 1074 1598 cum
1134 1534 1445 1612 venisset,
1511 1543 1642 1617 que
1705 1557 1832 1616 ego
1892 1536 2130 1598 vellem
2196 1535 2317 1598 die.
2445 1536 2604 1611 Fac,

427 1675 454 1720 5
504 1656 771 1730 quaese,
822 1657 939 1730 qui
985 1667 1112 1728 ego
1163 1668 1308 1710 sum
1359 1667 1509 1711 esse
1558 1655 1639 1711 te.
1754 1649 1961 1711 Estne
2016 1658 2131 1711 aut
2183 1657 2281 1710 tui
2333 1648 2608 1729 puderis

504 1770 619 1823 aut
671 1770 882 1823 nostri
933 1769 1218 1842 primum
1274 1767 1512 1842 rogere
1568 1761 1651 1822 de
1704 1760 1827 1836 die,
1880 1760 2121 1822 deinde
2176 1760 2327 1841 plfis
2382 1768 2608 1823 annue

506 1873 883 1953 postulare?
991 1872 1125 1936 Sed
1175 1882 1421 1948 essent,
1471 1882 1564 1934 mi
1613 1873 1821 1948 Galle,
1871 1871 2095 1935 omnia
2142 1871 2382 1947 facilia,
2438 1882 2494 1934 si
2539 1882 2608 1935 et

503 2004 583 2047 ea
636 1991 967 2047 mercatus
1021 1991 1204 2048 esses
1259 2005 1430 2066 quae
1484 2004 1613 2066 ego
1667 1983 2126 2047 desiderabam
2181 1993 2248 2046 et
2308 1983 2392 2045 ad
2454 2003 2605 2045 eam

503 2118 829 2160 summam
877 2118 1076 2179 quam
1118 2098 1497 2174 volueram;
1560 2118 1638 2161 ac
1682 2107 1908 2160 tamen
1954 2097 2082 2160 ista
2126 2096 2275 2178 ipsa
2319 2116 2491 2178 quae
2537 2105 2606 2159 te

400 2230 456 2263 10
502 2210 740 2273 emisse
796 2210 1029 2272 scribis
1081 2217 1216 2272 nen
1272 2210 1486 2272 selum
1540 2220 1685 2273 rata
1746 2210 1909 2272 mihi
1961 2218 2174 2284 erunt,
2211 2208 2349 2292 ,sed
2402 2208 2602 2272 etiam

501 2330 707 2403 grata.
807 2323 1011 2385 Plene
1059 2322 1237 2384 enim
1287 2321 1606 2403 intellege
1652 2330 1721 2385 te
1770 2330 1903 2385 nen
1951 2321 2148 2384 modo
2198 2319 2435 2396 studie,
2484 2322 2606 2384 sed

501 2435 702 2498 etiam
758 2443 980 2498 amere
1037 2442 1246 2510 fisum,
1305 2454 1477 2516 quae
1531 2442 1599 2497 te
1652 2433 2060 2507 delectarint,
2119 2433 2474 2508 hominem,
2532 2442 2606 2495 ut

500 2567 627 2628 ego
682 2568 948 2629 semper
1000 2547 1303 2623 ifidicevi,
1357 2546 1425 2609 in
1481 2556 1663 2609 omni
1716 2546 1958 2609 ifidicie
2011 2544 2602 2626 elegantissimum,

498 2680 669 2742 quae
718 2668 824 2722 me
877 2659 1082 2740 digna
1138 2659 1390 2740 puteris
1443 2659 1785 2722 coemisse.
1897 2658 2031 2722 Sed
2080 2657 2275 2720 velim
2334 2666 2606 2720 maneat

397 2790 449 2835 15
501 2772 955 2854 Damasippus
987 2771 1055 2834 in
1088 2770 1436 2834 sententie.
1535 2773 1811 2834 Prersus
1854 2770 2029 2833 enirn
2070 2789 2152 2832 ex
2191 2769 2335 2832 istis
2375 2768 2606 2850 empti-

497 2885 736 2947 6nibus
789 2884 1040 2946 millam
1093 2883 1416 2946 desidere.
1532 2884 1639 2946 Ta
1701 2892 1926 2945 autem
1987 2888 2259 2962 ignarus
2318 2880 2607 2943 institfiti

493 3038 622 3097 fers,
636 3041 835 3106 putqffi
905 3051 1012 3100 143.
1036 3036 1291 3097 cessabis,
1317 3055 1347 3088 a
1370 3039 1524 3103 polite
1578 3039 1689 3087 nius
1734 3039 1820 3087 the
1861 3045 2048 3086 statues
2088 3037 2378 3087 mentioned
2418 3036 2597 3084 below.

497 3122 781 3186 equivalent
809 3121 867 3169 of
896 3122 982 3170 the
1011 3121 1320 3185 imperative,
1346 3121 1525 3184 chiefly
1578 3121 1623 3170 6.
1659 3120 1760 3179 die,
1786 3136 1853 3169 sc.
1878 3120 2153 3179 solutionis,
2178 3127 2224 3167 to
2246 3119 2337 3167 ask
2344 3119 2439 3184 fbr
2460 3119 2596 3166 time.

495 3204 778 3267 colloquial.
858 3216 964 3265 144.
999 3202 1284 3267 perpolies,
1310 3210 1414 3267 put
1448 3205 1526 3252 the
1582 3216 1655 3252 10.
1684 3204 1822 3261 rata,
1846 3203 2081 3266 accepted.
2156 3215 2229 3264 13.
2258 3199 2607 3266 elegantissi-

484 3287 747 3354 finishing
773 3285 964 3335 touches
996 3293 1058 3334 to.
1575 3298 1740 3345 mum,
1767 3286 1830 3351 qf
1844 3286 1921 3333 the
1934 3292 2150 3348 greatest
2169 3291 2303 3332 taste.
2385 3294 2457 3347 15.
2498 3284 2607 3332 Da-

581 3369 726 3417 XIX.
781 3382 822 3417 1.
853 3368 1096 3419 Tantum
1119 3368 1273 3432 quod,
1298 3368 1387 3416 but
1391 3368 1521 3432 just.
1574 3367 1876 3432 masippus,
1902 3383 1930 3415 a
1962 3368 2182 3415 virtuoso
2213 3367 2316 3415 and
2348 3365 2518 3414 dealer
2549 3365 2603 3413 in

491 3450 847 3516 —Arpinati,
880 3467 964 3516 my
991 3452 1115 3499 villa
1151 3457 1207 3498 at
1233 3452 1519 3514 Arpinum.
1577 3451 1741 3499 works
1786 3451 1845 3499 os
1890 3456 1996 3508 art3
2057 3450 2122 3497 he
2170 3464 2332 3497 seems
2376 3455 2430 3496 to
2474 3448 2603 3497 have

494 3549 540 3598 3.
581 3533 803 3586 nomina
836 3547 894 3584 se
933 3530 1227 3591 facturum,
1262 3533 1321 3580 lze
1352 3534 1528 3581 would
1576 3533 1762 3581 offered
1800 3539 1851 3580 to
1891 3533 2009 3581 take
2044 3533 2130 3580 the
2170 3538 2358 3580 statues
2393 3530 2468 3579 off
2494 3530 2606 3579 Cic-

493 3624 635 3666 enter
677 3618 755 3666 tlte
798 3617 934 3672 sale,·
986 3616 1157 3678 acting
1205 3631 1258 3664 as
1305 3615 1524 3663 Cicero’s
1575 3617 1703 3664 ero’s
1755 3616 1934 3663 hands.
1963 3642 2031 3651 —
2053 3615 2278 3664 Prorsus
2315 3649 2327 3662 .
2373 3649 2384 3661 .
2430 3647 2444 3661 .
2487 3613 2604 3663 nul-

491 3706 662 3765 agent,
680 3699 853 3750 Gallus
876 3698 977 3747 had
1001 3699 1194 3761 bought
1217 3697 1346 3746 from
1369 3698 1521 3748 Avia·
1573 3698 1702 3757 lam,
1728 3705 1816 3750 not
1833 3714 1866 3745 a
1890 3697 2048 3760 single
2070 3713 2176 3745 one.
2239 3696 2315 3745 16.
2339 3693 2605 3754 instituti,
