2950 4150
1025 282 1074 329 A
1117 279 1477 329 FAITHFUL
1521 279 1804 329 FRIEND.
2388 283 2469 348 95

779 497 893 560 LI.
987 494 1054 558 A
1119 497 1626 561 FAITHFUL
1691 497 2064 560 FRIEND

1156 614 1370 700 (Fam.
1416 635 1510 680 11.
1549 620 1679 703 28).

1094 802 1332 851 Matius
1366 782 1648 853 ciceron!
1681 802 1748 853 S.

460 974 783 1054 Magnam
820 970 1234 1052 voluptatem
1277 990 1358 1033 ex
1399 978 1531 1032 tuis
1573 970 1807 1034 litteris
1849 978 2015 1053 cepi,
2051 972 2229 1054 quod
2272 991 2471 1053 quam

372 1091 709 1166 speraram
766 1093 965 1165 atque
1020 1090 1322 1163 optaram
1378 1082 1625 1146 habere
1678 1090 1746 1146 te
1800 1083 1883 1146 de
1933 1091 2039 1145 me
2092 1084 2472 1164 opinionem

371 1204 671 1277 cognovi.
813 1196 918 1258 De
982 1202 1113 1277 qua
1173 1203 1300 1258 etsi·
1357 1202 1494 1257 non
1562 1194 1967 1270 dubitabam,
2031 1205 2255 1257 tamen
2318 1195 2473 1277 quia

372 1308 639 1370 maximi
677 1307 1129 1383 aestimabam,
1175 1316 1247 1370 ut
1291 1306 1678 1389 incorrupta
1724 1314 2025 1370 maneret
2069 1307 2470 1371 laborabam.

374 1419 698 1484 Conscius
741 1429 965 1482 autem
1007 1419 1169 1481 mihi
1211 1439 1392 1481 eram
1435 1419 1601 1481 nihil
1631 1426 1671 1481 a
1709 1427 1816 1481 me
1857 1419 2281 1483 commissum
2326 1439 2474 1482 esse

373 1532 551 1614 quod
602 1531 761 1594 boni
813 1531 1205 1613 cuiusquam
1261 1531 1637 1594 offenderet
1690 1530 2002 1594 animum.
2101 1532 2203 1595 Εὸ
2256 1532 2474 1594 minus

373 1644 724 1707 credebam
785 1643 1086 1725 plurimis
1148 1653 1346 1725 atque
1408 1643 1677 1724 optimis
1739 1643 1989 1706 artibus
2063 1651 2299 1706 ornato
2357 1644 2475 1706 tibi

372 1764 624 1820 temere
685 1756 1039 1839 quicquam
1109 1756 1499 1837 persuaderi
1572 1755 1889 1837 potuisse,
1954 1755 2347 1837 praesertim
2409 1756 2474 1818 i'n

375 1889 573 1951 quem
634 1888 784 1931 mea
845 1875 1183 1950 propensa
1236 1878 1305 1932 et
1365 1876 1693 1950 perpetua
1753 1868 1992 1930 fuisset
2046 1877 2246 1950 atque
2299 1878 2478 1931 esset

373 1980 857 2044 benevolentia.
983 1980 1184 2062 Quod
1244 1980 1560 2063 quoniam
1614 1989 1688 2042 ut
1739 1981 1918 2043 volui
1971 1980 2108 2042 scio
2161 1999 2328 2055 esse,
2384 2000 2479 2042 re-

374 2094 720 2174 spondebo
761 2093 1144 2157 criminibus
1187 2094 1426 2176 quibus
1468 2101 1539 2156 tfi
1585 2102 1707 2176 pro
1748 2101 1872 2169 me,
1908 2103 1979 2156 ut
2021 2100 2143 2175 par
2180 2103 2323 2156 erat
2364 2101 2477 2155 tua

376 2206 697 2287 singulari
753 2206 1051 2270 bonitate
1112 2215 1180 2269 et
1240 2205 1527 2269 amicitia
1587 2212 1834 2282 nostra,
1892 2225 2096 2287 saepe
2158 2206 2473 2268 restitisti.

380 2319 559 2381 Nota
591 2318 766 2381 enirn
812 2318 974 2381 mihi
1016 2300 1173 2381 sunt
1215 2338 1387 2400 quae
1429 2318 1498 2380 in
1532 2326 1639 2380 me
1670 2326 1823 2399 post
1857 2317 2163 2381 Caesaris
2195 2327 2477 2380 mortem

374 2430 793 2493 contulerint.
916 2430 1100 2495 Vitio
1159 2429 1324 2492 mihi
1383 2430 1546 2492 dant
1607 2429 1785 2512 quod
1848 2438 2130 2492 mortem
2193 2429 2477 2492 hominis

376 2542 735 2605 necessarii
779 2542 1070 2624 graviter
1114 2542 1261 2605 fero
1302 2551 1505 2624 atque
1548 2561 1700 2605 eum
1744 2561 1941 2623 quem
1985 2541 2182 2604 dilexi
2226 2551 2477 2622 perisse

376 2653 721 2735 indignor;
770 2654 957 2717 aiunt
1002 2655 1180 2717 enim
1227 2654 1514 2736 patriam
1561 2653 1888 2716 amicitiae
1931 2653 2476 2735 praeponendam

376 2786 542 2842 esse,
578 2766 858 2848 proinde
891 2787 968 2829 ac
1003 2777 1059 2829 si
1089 2766 1220 2829 iam
1252 2766 1532 2829 vicerint
1564 2765 1813 2829 obitum
1850 2766 1991 2828 eius
2033 2775 2129 2827 rei
2171 2765 2475 2846 publicae

376 2879 584 2941 fuisse
632 2878 878 2942 fitilem.
992 2878 1129 2942 Sed
1173 2886 1307 2941 non
1355 2898 1550 2960 agam
1601 2885 1837 2942 astute.
1952 2879 2198 2941 Fateor
2239 2885 2346 2940 me
2391 2878 2476 2939 ad

463 3065 550 3113 LI.
605 3065 822 3114 Written
848 3072 900 3114 at
932 3066 1017 3113 the
1048 3066 1148 3114 end
1180 3064 1240 3113 of
1262 3065 1401 3128 Aug·
1458 3077 1533 3126 14.
1573 3062 1926 3115 contulerint:
1977 3063 2064 3112 the
2105 3062 2230 3126 subj.
2271 3063 2313 3111 is
2354 3064 2477 3112 used

375 3153 468 3204 nst,
491 3161 558 3207 44
580 3158 675 3196 B.C.
743 3147 919 3197 Cicero
950 3148 1053 3196 had
1084 3148 1238 3196 heard
1271 3147 1399 3196 from
1452 3163 1508 3196 as
1567 3147 1611 3196 if
1667 3147 1720 3195 in
1779 3163 1844 3196 an
1905 3146 2009 3195 ind.
2067 3146 2297 3210 question
2355 3146 2474 3193 with

372 3229 634 3278 Trebatius
685 3229 793 3278 that
845 3231 1032 3279 Matius
1083 3230 1397 3294 complained
1453 3237 1625 3278 notum
1665 3237 1767 3287 est:
1808 3230 1929 3278 with
1964 3229 2050 3278 the
2090 3228 2322 3293 personal
2357 3244 2474 3276 con-

373 3312 483 3360 that
524 3312 588 3360 he
632 3312 736 3361 had
777 3311 991 3375 unjustly
1025 3313 1274 3362 criticised
1314 3313 1399 3361 the
1450 3312 1692 3362 struction
1736 3312 1880 3377 (nota
1924 3311 2069 3375 sunt)
2122 3328 2251 3375 quae
2298 3311 2340 3359 is
2390 3311 2475 3359 the

374 3394 588 3443 attitude
605 3394 692 3442 the
709 3394 855 3443 latter
875 3395 1186 3444 maintained
1209 3396 1397 3444 toward
1451 3395 1669 3455 relative,
1711 3401 1799 3443 not
1838 3395 1924 3444 the
1964 3393 2333 3457 interrogative,
2373 3394 2474 3441 and

374 3477 461 3524 the
501 3477 781 3526 murderers
820 3477 878 3525 of
917 3478 1115 3536 Caesar,
1157 3480 1255 3527 and
1298 3478 1399 3527 had
1451 3478 1537 3526 the
1573 3478 1674 3527 ind.
1708 3477 1872 3526 would
1902 3478 1966 3527 be
2000 3477 2209 3540 regular.
2237 3504 2299 3512 —
2322 3475 2474 3533 dant,

374 3559 572 3607 written
595 3566 648 3608 to
673 3560 860 3608 Matius
882 3566 936 3608 to
964 3559 1149 3610 defend
1178 3561 1391 3609 himself.
1454 3563 1658 3624 impute.
1735 3574 1807 3624 17.
1841 3558 2065 3624 proinde
2093 3597 2105 3608 .
2140 3596 2152 3608 .
2188 3597 2198 3607 .
2228 3557 2474 3616 vicerint,

372 3641 497 3689 This
520 3641 561 3689 is
590 3642 792 3691 Matius’
817 3642 969 3706 reply.
1036 3656 1083 3704 9.
1117 3655 1398 3708 propensa,
1446 3645 1565 3710 just
1600 3659 1656 3691 as
1702 3643 1761 3710 tf
1788 3644 1898 3706 they
1933 3643 2044 3690 had
2081 3642 2239 3704 really
2275 3642 2474 3689 demon-

372 3731 717 3787 spontaneam.
825 3738 897 3774 11.
955 3738 1069 3789 par,
1114 3726 1200 3793 fit,
1259 3735 1393 3775 meet.
1451 3726 1651 3774 strated.
1728 3725 1802 3774 18.
1836 3737 2000 3789 agam
2035 3724 2234 3783 astute,
2265 3724 2471 3789 quibble.

2532 2010 2586 2041 10
