2950 4150
386 704 445 748 30

390 1263 445 1310 35

393 1831 451 1874 40

495 289 577 355 50
998 287 1647 338 CORRESPONDENCE
1691 289 1781 337 OF
1823 288 2091 338 CICERO.

492 471 651 544 quin
685 462 908 524 animo
939 462 1340 544 aequissimo
1377 463 1684 525 carueriS.
1781 463 1963 545 Quid
2002 462 2180 525 enim
2223 462 2598 526 delectatio-

492 575 594 637 nis
629 574 876 637 habent
915 582 1199 638 sescenti
1239 575 1398 638 miili
1438 575 1506 637 in
1547 576 2094 659 Clytaemnestra,
2135 585 2250 639 aut
2289 575 2357 638 in
2405 577 2598 658 Equo

491 687 783 750 Troiano
814 694 1251 751 creterrarum
1284 687 1408 751 tria
1442 688 1638 764 milia,
1675 697 1789 750 aut
1831 695 2166 750 armatfira
2196 687 2379 751 varia
2421 689 2600 770 pedi-

491 808 670 863 tatfis
713 810 779 863 et
821 800 1154 882 equitatfis
1201 800 1268 861 in
1318 800 1539 882 aliqua
1588 801 1862 882 pogna?
1960 800 2153 883 Quae
2204 801 2596 883 popularem

493 912 996 975 admirationem
1029 912 1421 988 habuerunt,
1457 912 1966 975 delectationem
1998 913 2119 975 tibi
2150 912 2401 975 nfillam
2434 922 2602 976 attu-

493 1025 742 1089 lissent.
838 1025 1038 1108 Quod
1086 1035 1142 1087 si
1184 1033 1255 1087 tsi
1312 1045 1432 1106 per
1479 1033 1594 1087 eos
1648 1025 1788 1088 dies
1837 1045 2109 1108 operam
2159 1025 2400 1088 dedisti
2451 1026 2601 1088 Pro-

493 1147 723 1219 togeni
783 1146 916 1213 tuo,
985 1138 1142 1200 dum
1213 1137 1409 1200 modo
1479 1137 1534 1200 is
1596 1137 1716 1200 tibi
1783 1138 2041 1220 quidvis
2106 1138 2327 1219 potius
2397 1158 2598 1220 quam

494 1250 826 1313 orationes
880 1257 1064 1312 meas
1118 1249 1370 1330 legerit,
1423 1257 1509 1311 ne
1570 1258 1640 1312 τῦ
1704 1251 1884 1312 haud
1938 1251 2140 1332 paulo
2192 1250 2342 1333 plfis
2397 1271 2599 1333 quam

496 1363 846 1445 quisquam
887 1369 1185 1425 nostrfim
1226 1362 1684 1425 delectationis
1722 1362 2026 1426 habuisti.
2124 1363 2280 1425 Non
2315 1363 2492 1426 enim
2531 1371 2601 1425 te

497 1483 661 1557 puto
713 1476 1004 1538 Graecos
1053 1484 1167 1536 aut
1219 1473 1433 1538 Oscos
1485 1473 1675 1537 lfidos
1724 1475 2158 1551 desiderasse,
2208 1474 2598 1559 praesertim

497 1607 646 1650 cum
683 1587 899 1651 Oscos
929 1588 1036 1649 vel
1068 1587 1135 1648 in
1169 1593 1402 1649 senati]
1436 1594 1660 1650 vestro
1692 1595 1996 1668 spectare
2034 1597 2268 1669 pOSSIS,
2306 1587 2601 1651 Graecos

496 1700 589 1762 ita
621 1708 754 1762 non
788 1707 971 1761 ames
1010 1708 1082 1761 ut
1124 1706 1210 1760 ne
1253 1698 1337 1760 ad
1373 1698 1600 1760 villam
1642 1698 1908 1781 quidem
1957 1709 2143 1762 tuam
2184 1700 2291 1762 via
2341 1700 2601 1764 Graeca

496 1822 592 1875 ire
625 1812 859 1874 soleas,
958 1812 1134 1874 Nam
1170 1810 1327 1892 quid
1360 1830 1488 1891 ego
1519 1818 1587 1873 te
1617 1811 1903 1875 athletas
1938 1822 2167 1894 putem
2200 1813 2597 1890 desiderare,

498 1935 612 2007 qui
641 1925 1041 2006 gladiatores
1074 1923 1597 2004 contempseris?
1677 1925 1757 1986 In
1791 1924 2031 2006 quibus
2064 1924 2208 2006 ipse
2245 1925 2601 2007 Pompeius

499 2038 851 2112 confitetur
889 2043 958 2098 se
997 2045 1063 2099 et
1101 2055 1374 2117 operam
1418 2044 1485 2098 et
1527 2035 1745 2099 oleum
1788 2036 2175 2119 perdidisse.
2273 2037 2600 2120 Reliquae

499 2160 655 2213 sunt
700 2149 1085 2212 venationes
1133 2148 1329 2210 binae
1378 2168 1500 2230 per
1544 2148 1686 2212 dies
1736 2160 2048 2233 quinque,
2097 2150 2601 2234 magnificae—

499 2271 696 2326 nemo
727 2271 931 2342 negat
962 2299 1064 2335 ——,
1102 2261 1219 2323 sed
1262 2280 1433 2343 quae
1478 2270 1700 2342 potest
1747 2263 2000 2326 homini
2048 2283 2196 2327 esse
2242 2264 2451 2345 polito
2494 2264 2602 2327 de-

497 2375 764 2438 lectatio
807 2395 958 2437 cum
1001 2383 1116 2436 aut
1158 2374 1358 2435 homo
1400 2372 1766 2437 imbecillus
1812 2383 1852 2438 5,
1891 2376 2344 2440 valentissima
2387 2376 2600 2440 bestia

496 2488 783 2550 laniatur
821 2496 936 2549 aut
977 2487 1323 2568 praeclara
1364 2486 1577 2549 bestia
1607 2488 1939 2551 venabulo
1977 2488 2600 2552 transverberatur?

499 2601 692 2684 Quae
730 2609 974 2674 tamen,
1011 2608 1066 2661 si
1096 2598 1385 2661 videnda
1428 2608 1602 2674 sunt,
1644 2620 1848 2681 saepe
1888 2601 2147 2678 vidist13
2210 2620 2429 2683 neque
2474 2609 2599 2664 nos

497 2724 611 2796 qui
641 2714 806 2776 haec
840 2717 1220 2793 spectamus
1260 2710 1615 2793 quicquam
1654 2722 1811 2775 novi
1838 2713 2144 2777 vidimus.
2242 2715 2600 2777 Extremus

494 2917 903 2981 pori8‚elegance.
965 2927 1041 2974 29.
1066 2912 1519 2976 Clytaemnestra,
1572 2914 1775 2979 leagues
1808 2917 1868 2966 of
1902 2918 2093 2968 Marius
2126 2934 2257 2967 were
2291 2933 2346 2967 as
2380 2916 2507 2967 droll
2545 2933 2602 2966 as

494 3001 645 3062 Equo
673 2997 922 3055 Troiano,
947 2996 1085 3060 plays
1114 2995 1180 3058 by
1202 2994 1386 3044 Accius
1419 2996 1520 3044 and
1573 2992 1659 3040 the
1705 2993 1892 3042 clowns
1935 2995 1993 3043 of
2033 2995 2162 3044 their
2206 2995 2373 3044 native
2420 2994 2597 3042 farces.

495 3083 729 3131 Naevius.
810 3093 891 3142 30.
932 3079 1297 3136 creterrarum,
1328 3098 1377 3121 =
1407 3094 1520 3125 cra·
1585 3087 1665 3135 41.
1707 3076 1772 3125 In
1807 3075 2020 3140 quibus,
2056 3079 2140 3127 i.e.
2181 3078 2234 3126 in
2269 3077 2355 3127 the
2393 3077 2598 3125 athletie

495 3172 743 3222 terarum,
768 3164 926 3211 bowls.
992 3174 1070 3224 33.
1102 3173 1337 3225 operam,
1362 3166 1520 3208 atten-
1574 3146 1829 3207 contests.‘
1890 3173 1969 3220 42.
2005 3172 2225 3224 operam
2261 3196 2273 3208 .
2315 3195 2328 3208 .
2370 3195 2382 3208 .
2423 3157 2602 3223 perdi-

495 3249 621 3296 tion.
647 3274 715 3283 —-
735 3243 1041 3309 Protogeni,
1090 3259 1121 3292 a
1171 3243 1306 3291 slave
1351 3244 1520 3291 whose
1573 3238 1735 3298 disse,
1750 3241 1973 3291 hadhad
1979 3244 2061 3291 his
2077 3243 2215 3292 labor
2223 3245 2317 3308 for
2332 3242 2413 3290 his
2419 3243 2598 3305 pains.

496 3333 617 3393 duty
672 3331 710 3378 it
766 3344 868 3377 was
926 3335 978 3376 to
1039 3328 1157 3375 read
1218 3332 1269 3373 to
1332 3326 1522 3373 Marius
1572 3336 1652 3385 43.
1688 3323 2025 3384 venationes,
2057 3327 2248 3382 hunts:
2293 3326 2435 3373 these
2467 3340 2599 3380 were

502 3411 866 3478 (anagnostes).
959 3423 1036 3473 37.
1087 3408 1262 3466 08008,
1308 3408 1386 3457 i.e.
1433 3408 1520 3456 the
1574 3406 1721 3468 fights
1746 3407 1975 3457 between
2004 3425 2121 3457 men
2148 3410 2247 3457 and
2269 3408 2387 3456 wild
2415 3408 2599 3456 beastS.

497 3496 697 3545 farcical
720 3495 936 3561 fabulae
962 3493 1240 3550 Atellanae,
1267 3506 1323 3539 so
1359 3490 1521 3539 called
1573 3489 1654 3539 On
1675 3490 1759 3537 the
1779 3498 1980 3553 present
1997 3492 2229 3540 occasion
2248 3491 2341 3540 five
2365 3490 2600 3539 hundred

497 3581 625 3628 stom
670 3578 851 3636 Atella,
894 3593 923 3625 a
968 3584 1102 3625 town
1148 3575 1206 3622 os
1245 3574 1331 3622 the
1378 3573 1517 3622 Osci.
1572 3576 1702 3625 lions
1739 3572 1886 3622 alone
1926 3591 2056 3624 were
2095 3574 2268 3623 killed.
2379 3587 2460 3635 44.
2505 3583 2599 3637 po-

499 3662 576 3725 38.
612 3660 823 3718 senatu,
856 3661 1070 3724 perhaps
1112 3658 1197 3706 the
1231 3656 1363 3705 local
1399 3671 1522 3719 gov-
1573 3660 1691 3719 lito,
1715 3661 1779 3726 of
1794 3659 2100 3726 rgfinement.
2162 3669 2242 3722 45.
2275 3654 2602 3716 imbecillus,

498 3745 675 3808 erning
716 3744 897 3802 board3
951 3743 1037 3791 the
1074 3740 1385 3805 Campanian
1418 3738 1520 3788 col·
1569 3737 1739 3805 seeble.
1846 3735 1928 3798 46.
1980 3733 2240 3793 laniatur,
2293 3734 2338 3781 is
2386 3739 2504 3782 torn
2552 3738 2603 3781 to
