2950 4150
750 261 901 311 THE
944 261 1127 311 VOTE
1172 261 1262 310 OF
1309 260 1692 310 DECEMBER
1739 272 1784 325 5,
1832 260 1895 323 63
1943 260 2056 310 B.C.
2384 265 2462 332 75

358 449 646 521 primum
710 436 1107 499 sententiam
1172 445 1365 516 putat
1426 435 1511 498 de
1573 435 2146 499 animadversione
2200 436 2462 512 dixisse,

358 571 560 633 quam
609 557 840 612 omnes
887 558 1043 614 ante
1098 549 1400 611 dixerant
1455 556 1718 629 praeter
1774 549 2151 624 Caesarem,
2202 559 2269 611 et
2314 569 2466 612 cum
2513 570 2541 617 5

358 663 570 744 ipsius
627 660 934 724 Caesaris
989 670 1125 723 tam
1187 667 1418 723 severa
1482 659 1702 735 fuerit,
1760 669 1874 742 qui
1933 669 2074 722 tum
2135 661 2468 742 praetorio

359 776 505 837 loco
554 773 808 848 dixerit,
860 772 1303 836 consularium
1359 781 1552 855 putat
1605 772 1888 835 leniores
1942 772 2170 849 fuisse,
2225 774 2463 847 Catuli,

362 887 616 962 Servili,
674 887 1125 961 Lucullorum,
1181 885 1507 960 CurioniS,
1565 886 1907 967 Torquati,
1966 885 2221 966 Lepidi,
2274 885 2462 961 Gelli,

358 999 652 1074 Volcaci,
692 998 929 1079 Figuli,
969 999 1225 1073 Cottae,
1265 999 1338 1060 L.
1377 997 1702 1073 CaesariS,
1741 998 1812 1061 C.
1853 998 2126 1073 PisoniS,
2167 998 2281 1061 Μ’.
2318 999 2467 1062 Gla-

359 1110 627 1187 brioniS,
664 1110 861 1173 etiam
903 1110 1128 1186 Silani,
1169 1112 1512 1185 Murenae,
1555 1111 2052 1190 designatorum
2095 1109 2460 1172 consulum.
2518 1138 2570 1169 ιο

363 1224 538 1287 ‘Csir
581 1231 741 1304 ergo
783 1222 849 1284 in
895 1222 1294 1285 sententiam
1345 1221 1700 1286 Catonis?’
1799 1221 1977 1303 Quia
2022 1222 2242 1285 verbis
2289 1223 2466 1285 lucu-

359 1334 749 1397 lentioribus
810 1344 878 1398 et
939 1334 1239 1416 pluribus
1301 1354 1439 1397 rem
1504 1334 1783 1396 eandem
1847 1335 2460 1416 comprehenderat.

363 1448 476 1509 Me
524 1457 747 1531 autem
796 1449 901 1510 hic
950 1447 1179 1510 laudat
1226 1446 1404 1529 quod
1452 1446 1835 1523 rettulerim,
1882 1455 2015 1509 non
2063 1447 2240 1529 quod
2289 1457 2467 1528 pate-

360 1559 652 1635 fecerim,
694 1560 1080 1623 cohortatus
1125 1559 1268 1635 sim,
1312 1559 1489 1641 quod
1534 1558 1820 1641 denique
1869 1569 2022 1622 ante
2069 1579 2269 1641 quam
2317 1568 2467 1622 con-

360 1671 646 1734 sulerem
710 1671 855 1754 ipse
921 1670 1365 1734 iudicaverim.
1508 1670 1701 1752 Quae
1778 1671 2018 1746 omnia,
2084 1670 2237 1753 quia·
2299 1673 2467 1736 Cato
2516 1695 2569 1742 15

359 1783 665 1846 laudibus
698 1783 1021 1846 extulerat
1053 1783 1118 1846 in
1155 1783 1412 1846 caelum
1457 1783 2063 1865 perscribendaque
2095 1790 2462 1859 censuerat,

359 1895 606 1958 idcirco
665 1896 732 1958 in
795 1895 934 1958 eius
998 1896 1399 1958 sententiam
1462 1905 1564 1958 est
1626 1895 1808 1958 facta
1868 1894 2202 1958 discessio.
2330 1897 2462 1958 Hic

360 2017 582 2070 autem
621 2015 693 2069 se
731 2007 928 2069 etiarn
971 2007 1258 2070 tribuere
1296 2008 1575 2070 multum
1613 2007 1773 2070 mihi
1811 2016 2002 2091 putat
2044 2007 2222 2090 quod
2267 2017 2465 2090 scrip-

360 2121 517 2183 serit
576 2120 937 2203 ‘optimum
994 2121 1377 2184 consulem.’
1505 2120 1674 2202 Quis
1728 2121 1905 2184 enim
1962 2120 2243 2183 ieiunius
2303 2121 2464 2184 dixit

358 2233 709 2296 inimicus?
801 2233 914 2296 Ad
947 2241 1169 2296 cetera
1199 2241 1359 2296 vero
1387 2233 1508 2296 tibi
1540 2253 1734 2316 quem
1771 2233 1857 2296 ad
1889 2233 2159 2296 modum
2191 2244 2465 2315 rescrip-
2512 2258 2570 2290 20

360 2346 484 2409 sit?
603 2347 899 2408 Tantum
953 2356 1144 2427 rogat
1199 2346 1281 2408 de
1336 2352 1608 2409 senatus
1662 2346 1968 2409 consulto
2020 2355 2094 2408 ut
2148 2345 2459 2427 corrigas,

364 2458 515 2520 Hoc
549 2458 815 2539 quidem
849 2458 1138 2533 fecisset,
1167 2458 1367 2521 etiam
1400 2468 1458 2520 si
1486 2465 1525 2520 a
1558 2457 1824 2521 librario
1854 2457 2233 2521 admonitus
2264 2468 2459 2522 esset.

362 2569 498 2634 Sed
531 2571 696 2633 haec
730 2569 966 2633 iterum
999 2570 1142 2652 ipse
1174 2570 1429 2634 viderit.

359 2717 447 2766 the
488 2718 812 2781 punishment
848 2718 907 2766 of
939 2719 1026 2767 the
1060 2718 1386 2768 Catilinarian
1435 2721 1514 2768 the
1529 2728 1634 2769 vote
1650 2721 1798 2769 taken
1817 2737 1881 2769 on
1904 2721 1982 2769 the
1994 2721 2236 2785 proposal
2253 2721 2317 2787 of
2332 2720 2465 2780 Cato,

360 2800 710 2865 conspirators.
779 2800 862 2849 All
898 2801 1042 2850 other
1077 2802 1384 2860 authorities,
1438 2804 1545 2851 who
1582 2819 1688 2851 was
1725 2803 1842 2866 only
1876 2803 2082 2851 tribune
2120 2803 2277 2851 elect?
2354 2803 2465 2852 The

359 2882 607 2941 however,
632 2899 780 2945 agree
813 2883 863 2931 in
897 2883 1149 2948 ascribing
1179 2886 1265 2933 the
1299 2886 1384 2934 de·
1437 2892 1611 2934 senate
1636 2886 1785 2935 voted
1822 2887 1885 2948 by
1917 2886 2131 2935 division
2160 2885 2458 2949 (discessio).

359 2964 518 3014 cision
544 2965 618 3014 for
646 2965 829 3029 capital
862 2966 1185 3029 punishment
1215 2974 1268 3016 to
1300 2968 1386 3016 the
1437 2967 1979 3028 —luculentioribus,
2000 2969 2205 3017 clearer.
2262 2982 2334 3030 13.
2360 2967 2466 3026 hic,

359 3048 507 3096 effect
551 3050 811 3111 produced
855 3049 920 3111 by
966 3050 1134 3098 Cato's
1179 3051 1378 3113 speech.
1438 3051 1514 3098 i.e.
1541 3050 2157 3101 Brutus—rettulerim:
2191 3053 2383 3116 referre
2406 3052 2465 3099 in

362 3142 405 3195 5.
454 3129 776 3181 Caesarem:
837 3132 902 3179 he
955 3131 1055 3180 had
1108 3134 1385 3182 advocated
1437 3140 1667 3182 senatum
1707 3133 1748 3182 is
1789 3135 1913 3183 used
1955 3134 2014 3183 of
2052 3134 2139 3182 the
2179 3134 2465 3196 magistrate

360 3213 744 3277 imprisonment
780 3213 855 3261 for
889 3214 974 3262 life
1009 3216 1111 3263 and
1146 3216 1385 3264 confisca-
1438 3216 1552 3264 who
1604 3223 1720 3281 puts
1775 3216 1947 3265 before
2004 3217 2091 3265 the
2149 3224 2321 3265 senate
2379 3217 2465 3265 the

359 3296 467 3343 tion
493 3295 552 3344 of
569 3296 655 3344 the
681 3304 915 3360 property
939 3297 998 3345 of
1023 3297 1108 3346 the
1134 3298 1386 3362 conspira-
1437 3299 1668 3347 business
1714 3299 1774 3348 of
1817 3299 1903 3347 the
1955 3299 2162 3358 session,
2209 3301 2309 3348 and
2361 3314 2466 3348 car·

359 3385 476 3426 tots,
540 3378 584 3426 6.
610 3378 878 3442 praetorio
900 3379 1044 3431 loco:
1083 3380 1265 3429 Caesar
1288 3397 1388 3429 was
1439 3381 1537 3429 ries
1572 3398 1639 3430 no
1680 3381 1993 3445 implication
2033 3382 2093 3430 of
2125 3382 2203 3431 his
2243 3382 2466 3446 opinion.

366 3468 578 3524 praetor
600 3462 900 3526 designatus,
920 3464 1019 3511 and
1044 3463 1201 3526 spoke
1225 3464 1387 3512 there·
1447 3464 1520 3512 16.
1582 3464 1979 3528 perscribenda,
2046 3465 2225 3512 should
2277 3466 2329 3512 be
2390 3480 2466 3512 re-

361 3542 467 3591 fore
492 3543 618 3591 after
651 3545 735 3592 the
769 3545 1055 3592 consulares
1087 3547 1186 3594 and
1215 3545 1388 3595 before
1441 3546 1630 3595 corded.
1722 3560 1796 3609 19.
1832 3545 2081 3605 ieiunius,
2118 3562 2254 3595 more
2279 3547 2467 3610 grudg·

361 3626 447 3673 the
479 3628 751 3689 praetorii.
833 3640 904 3674 11.
948 3626 1004 3676 in
1039 3627 1389 3686 sententiam,
1443 3629 1594 3693 ingly.
1670 3642 1747 3679 21.
1782 3628 2046 3693 corrigas:
2089 3629 2305 3693 perhaps
2338 3629 2467 3677 Atti-

360 3723 427 3757 sc,
458 3709 680 3757 discessio
698 3710 843 3773 fhcta
868 3717 947 3767 est,
982 3711 1109 3773 Why
1137 3712 1252 3759 then
1284 3727 1392 3760 was
1442 3727 1530 3760 cus
1569 3727 1670 3762 was
1716 3718 1769 3760 to
1818 3712 2015 3775 publish
2058 3712 2143 3760 the
2193 3713 2325 3770 Cato,
2367 3712 2468 3760 and
2509 3760 2514 3766 ,
