2950 4150
869 241 1126 290 CICERO
1170 241 1268 289 AN
1273 241 1321 289 D
1371 240 1492 289 HIS
1539 240 1958 289 SECRETARY.
2381 229 2460 292 61

447 451 784 515 XXVIII.
881 451 1234 517 CICERO
1298 451 1509 514 AND
1576 451 1740 516 HIS
1804 449 2380 515 SECRETARY

1215 559 1428 647 (Fam.
1475 564 1568 625 16.
1614 562 1691 646 1).

424 734 658 784 Tullius
691 735 899 783 Τῑτὸιιῑ
932 734 1062 785 Suo
1100 734 1166 784 S.
1205 736 1272 782 P.
1310 734 1382 783 D.
1422 738 1488 784 et
1522 734 1739 785 0166τό
1773 735 1956 784 Meus
1990 737 2056 783 et
2087 735 2300 784 Frater
2334 737 2400 784 et

1245 825 1477 874 Fratris
1508 827 1573 874 P.
2445 834 2450 837 ·

451 977 655 1039 Paulo
701 976 963 1039 facilius
1011 984 1240 1059 putavi
1285 996 1485 1058 posse
1533 983 1640 1038 me
1681 976 1858 1039 ferre
1906 976 2303 1039 desiderium
2350 986 2461 1052 tui,

362 1089 478 1152 sed
526 1089 728 1170 plane
773 1097 908 1150 non
955 1090 1117 1164 fero,
1168 1098 1235 1151 et
1282 1109 1688 1171 quamquam
1739 1095 1967 1169 magni
2011 1088 2096 1151 ad
2144 1088 2462 1151 honorem

362 1211 662 1263 nostrum
710 1176 986 1264 interest
1039 1221 1240 1283 quam
1297 1210 1583 1282 primurn
1639 1201 1722 1263 ad
1777 1200 2009 1263 urbem
2065 1208 2171 1264 me
2217 1211 2460 1277 venire,

361 1322 585 1374 tamen
633 1320 948 1394 peccasse
997 1312 1159 1375 mihi
1189 1312 1444 1388 videor,
1488 1322 1602 1394 qui
1643 1319 1682 1374 a
1722 1320 1789 1374 te
1835 1312 2289 1389 discesserim;
2347 1314 2466 1375 sed

362 1425 514 1506 quia
546 1434 669 1486 tua‘
694 1424 1003 1487 voluntas
1046 1445 1126 1488 ea
1169 1425 1521 1488 videbatur
1551 1445 1698 1487 esse
1743 1434 1815 1486 ut
1852 1432 2125 1506 prorsus
2155 1425 2286 1488 nisi
2316 1433 2466 1489 c6n-
2514 1443 2541 1489 5

361 1538 630 1600 firmato
668 1557 946 1618 corpore
988 1537 1199 1600 nolles
1243 1537 1578 1618 navigare,
1614 1537 1984 1619 approbavi
2026 1548 2212 1600 tuum
2259 1538 2466 1600 consi-

362 1648 538 1724 lium,
592 1669 810 1731 neque
859 1669 1039 1712 nunc
1084 1657 1284 1725 muto,
1340 1659 1395 1712 si
1446 1656 1519 1711 tu
1575 1649 1641 1711 in
1697 1649 1929 1712 eadem
1984 1669 2057 1712 es
2113 1643 2460 1712 sententia.

364 1761 480 1824 Sin
514 1771 736 1823 autern
770 1768 1004 1842 postea
1036 1782 1234 1843 quam
1274 1761 1493 1824 cibum
1538 1761 1788 1843 cepisti,
1825 1760 2066 1824 videris
2104 1761 2223 1824 tibi
2265 1782 2464 1842 posse

362 1881 468 1935 me
505 1881 839 1954 consequi,
884 1882 1070 1935 tuum
1118 1873 1464 1936 consilium
1511 1882 1630 1936 est.
1729 1873 2103 1935 Marionem
2150 1874 2236 1935 ad
2278 1881 2345 1936 te'
2386 1882 2467 1936 66

362 1995 526 2060 misi,
563 1994 636 2047 ut
677 1995 792 2047 aut
832 1993 1053 2048 tecum
1096 1986 1181 2047 ad
1223 1992 1329 2048 me
1371 2006 1570 2067 quam
1619 1995 1904 2066 primum
1947 1995 2206 2048 veniret
2243 1995 2374 2061 aut,
2412 1996 2468 2049 si
2517 2015 2571 2047 10

360 2107 430 2161 tsi
467 2106 819 2174 morarere,
855 2098 1079 2161 statim
1124 2099 1209 2162 ad
1251 2106 1357 2160 me
1399 2099 1659 2161 rediret.
1754 2099 1860 2183 Τῇ
1904 2107 2125 2161 autem
2175 2101 2299 2161 hoc
2346 2099 2464 2162 tibi

361 2211 709 2292 persuadE,
746 2220 802 2273 si
838 2211 1187 2274 commodo
1216 2210 1617 2273 valetudinis
1658 2219 1814 2273 tuae
1853 2211 1994 2273 fieri
2035 2211 2263 2291 possit,
2299 2211 2463 2273 nihil

361 2331 468 2385 me
500 2324 696 2385 malle
729 2343 929 2405 quarn
962 2331 1029 2386 te·
1059 2343 1207 2386 esse
1240 2330 1501 2386 mecum
1520 2344 1535 2399 ;
1586 2332 1642 2385 si
1664 2331 1885 2385 autem
1919 2322 2268 2403 intelleges
2293 2343 2463 2404 opus

360 2456 509 2499 esse
554 2444 622 2498 te
670 2437 880 2498 Patris
927 2436 1436 2499 convalescendi
1482 2441 1685 2498 causa
1731 2433 2002 2516 paulurn
2049 2443 2459 2512 commorari,

361 2548 525 2610 nihil
557 2555 662 2610 me
697 2548 892 2611 malle
935 2569 1135 2629 quarn
1176 2555 1243 2610 te
1280 2547 1519 2610 valere.
1616 2547 1691 2611 Si
1732 2545 1954 2610 statim
1998 2546 2293 2627 navigas
2340 2557 2462 2611 nos
2514 2573 2566 2619 15

363 2661 676 2724 Leucade
725 2668 1169 2742 consequere;
1221 2662 1334 2722 sin
1364 2667 1431 2722 te
1473 2660 1872 2722 confirmare
1914 2668 2032 2734 νῑ5,
2078 2668 2145 2721 et
2187 2660 2463 2724 comites

358 2783 425 2835 et
467 2780 900 2854 tempestates
947 2782 1013 2835 et
1055 2780 1295 2835 navem
1341 2771 1649 2835 idoneam
1692 2780 1765 2833 ut
1814 2771 2063 2834 habeas
2110 2771 2463 2853 diligenter

445 2941 693 2991 XXVIII.
740 2942 958 2991 Written
986 2941 1273 2989 November
1303 2943 1384 3003 3d,
1437 2941 1516 2989 i.e.
1537 2940 1644 2988 into
1667 2940 1753 2988 the
1778 2939 2162 3002 neighborhood
2189 2941 2247 2990 of
2266 2942 2428 2990 Rome
2438 2961 2452 3002 ;

359 3037 422 3088 50
446 3036 569 3082 13.C.,
595 3039 663 3072 on
692 3025 777 3073 the
800 3023 1010 3087 journey
1035 3024 1161 3072 from
1189 3023 1376 3072 Cilicia.
1436 3023 1614 3071 Cicero
1640 3023 1789 3071 could
1813 3029 1902 3071 not
1927 3030 2068 3071 enter
2098 3024 2183 3072 the
2215 3023 2313 3087 city
2338 3025 2462 3074 until

354 3107 473 3155 Tiro
497 3122 598 3155 was
626 3107 750 3166 sick,
777 3108 879 3155 and
911 3122 978 3154 on
1001 3106 1288 3155 November
1318 3107 1382 3154 2d
1436 3105 1522 3154 the
1548 3105 1777 3169 question
1800 3105 1858 3153 of
1882 3105 1960 3153 his
1991 3106 2210 3169 triumph
2239 3122 2340 3155 was
2375 3109 2461 3156 de·

356 3189 532 3237 Cicero
574 3189 676 3238 had
721 3189 853 3238 been
894 3190 1097 3252 obliged
1143 3195 1195 3237 to
1242 3189 1381 3237 leave
1436 3187 1586 3236 cided
1608 3188 1819 3236 without
1850 3187 2106 3249 forfeiting
2139 3188 2217 3237 his
2250 3190 2462 3253 military

356 3272 462 3319 him
509 3271 700 3320 behind
744 3279 795 3321 at
844 3272 1020 3320 Patrae
1068 3272 1121 3320 in
1166 3271 1378 3320 Achaia.
1436 3270 1713 3333 imperium
1753 3271 1854 3319 and
1899 3270 1966 3318 all
2011 3270 2157 3319 claim
2203 3277 2256 3319 to
2300 3287 2332 3319 a
2377 3273 2460 3320 tri·

357 3353 484 3413 Sue,
525 3354 683 3404 Meus
723 3354 1038 3418 (greeting):
1089 3354 1255 3402 notice
1297 3353 1381 3402 the
1436 3353 1609 3416 umph.
1685 3365 1728 3417 5.
1769 3364 1987 3416 prorsus
2012 3388 2023 3400 .
2056 3388 2067 3400 .
2100 3390 2111 3402 .
2142 3353 2331 3411 nolles,
2356 3370 2462 3417 you

358 3437 554 3500 change
579 3437 637 3485 of
658 3452 860 3501 person.
932 3451 976 3486 2.
1016 3437 1195 3501 plane,
1228 3443 1284 3483 at
1312 3436 1388 3484 all
1433 3452 1565 3483 were
1586 3436 1848 3500 altogether
1873 3435 2161 3500 unwilling.
2230 3449 2276 3497 9.
2305 3435 2461 3486 tuum

356 3519 481 3569 well.
500 3547 566 3556 —-
584 3520 866 3571 honorem:
912 3520 1089 3569 Cicero
1122 3520 1294 3583 hoped
1329 3525 1380 3567 to
1434 3517 1721 3569 consilium
1744 3517 1847 3576 est,
1873 3518 1917 3566 it
1937 3518 1981 3565 is
1993 3519 2086 3582 fhr
2099 3533 2206 3580 you
2227 3525 2274 3566 to
2297 3519 2462 3568 decide

355 3602 420 3650 be
442 3604 657 3665 granted
680 3618 710 3651 a
733 3603 953 3667 triumph
977 3603 1053 3651 fot
1070 3603 1147 3651 his
1170 3602 1383 3664 military
1433 3601 1572 3649 what
1607 3608 1652 3649 to
1692 3601 1767 3648 do.
1788 3627 1854 3636 —
1870 3598 2187 3658 Marionem,
2229 3617 2259 3650 a
2302 3601 2453 3651 slave.

355 3700 610 3735 successes
643 3685 697 3734 in
729 3687 918 3735 Cilicia.
990 3699 1034 3749 3.
1071 3685 1141 3736 ad
1174 3686 1377 3743 urbem,
1440 3696 1514 3733 12.
1561 3682 1854 3742 commodo,
1901 3683 2111 3731 without
2159 3684 2344 3749 injury
2393 3693 2453 3734 to.
