2950 4150
486 287 575 349 44
990 280 1642 331 CORRESPONDENCE
1683 279 1776 329 OF
1817 279 2090 331 CICERO.

491 474 661 537 quae
693 455 799 518 vel
831 464 889 517 si
918 455 1099 517 nfilla
1131 454 1280 530 sint,
1315 455 1523 517 nihilo
1555 454 1687 517 sint
1720 463 1945 517 tamen
1988 454 2402 518 obscuriores
2435 454 2591 517 clari

490 566 627 629 viri.
756 567 902 630 Nec
956 566 1175 630 minus
1229 576 1332 630 est
1383 566 1752 648 Spartiates
1799 565 2159 648 Agesilaus
2213 565 2322 629 ille
2378 565 2592 648 perhi-

491 678 768 755 benduS‚
804 688 917 762 qui
947 699 1166 762 neque
1199 679 1445 761 pictam
1481 699 1698 762 neque
1735 680 1957 743 fictam
2001 678 2358 760 imaginem
2404 698 2593 741 suam

388 812 472 848 100
493 811 731 872 passus
793 800 895 854 est
955 811 1123 867 esse,
1189 812 1388 873 quam
1450 801 1566 873 qui
1622 790 1690 854 in
1753 799 1834 854 eo
1886 810 2133 872 genere
2186 790 2588 853 laborarunt.

497 887 691 967 Unus
741 903 914 966 enim
970 903 1439 985 Xenophontis
1490 903 1750 967 libellus
1800 903 1866 965 in
1916 910 1998 966 eo
2046 910 2204 984 rege
2257 902 2595 965 laudando

491 1015 689 1079 facile
750 1026 965 1078 omnis
1026 1015 1351 1097 imagines
1427 1016 1721 1079 omnium
1786 1022 2171 1097 statuasque
2233 1015 2588 1096 superavit.

492 1127 722 1209 Atque
755 1129 880 1191 hoc
913 1128 1359 1209 praestantius
1393 1128 1556 1190 mihi
1585 1127 1785 1191 fuerit
1817 1136 1883 1190 et
1911 1128 2000 1190 ad
2038 1126 2355 1189 laetitiam
2390 1126 2595 1188 animi

492 1249 558 1302 et
596 1240 681 1302 ad
729 1240 1087 1302 memoriae
1134 1241 1529 1322 dignitatem
1573 1249 1630 1303 si
1669 1240 1736 1302 in
1778 1250 1894 1302 tua
1936 1248 2183 1320 scripta
2225 1246 2595 1321 pervenero

389 1371 472 1419 105
492 1372 692 1434 quam
736 1362 792 1414 si
832 1352 899 1414 in
942 1360 1329 1429 ceterorum,
1375 1353 1553 1436 quod
1600 1360 1734 1415 non
1781 1351 2125 1433 ingenium
2174 1350 2336 1413 mihi
2377 1351 2591 1414 solum

493 1463 984 1546 suppeditatum
1041 1464 1243 1527 fuerit
1295 1474 1504 1538 tuum,
1555 1473 1724 1527 sicut
1777 1463 2181 1526 Timoleonti
2223 1470 2263 1526 a
2315 1464 2595 1526 Timaeo

492 1585 606 1638 aut
648 1575 731 1638 ab
778 1576 1125 1639 Herodoto
1166 1576 1620 1651 Themistocli,
1661 1576 1780 1639 sed
1822 1575 2021 1638 etiarn
2070 1574 2424 1638 auctoritas
2467 1576 2594 1638 cla-

491 1687 733 1750 rissimi
776 1698 842 1751 et
890 1689 1362 1770 spectatissimi
1400 1689 1525 1751 viri
1569 1697 1635 1751 et
1681 1688 1748 1750 in
1795 1697 1890 1750 rei
1937 1687 2243 1770 publicae
2291 1686 2593 1750 maximis

491 1800 1032 1884 gravissimisque
1068 1811 1285 1864 causis
1324 1801 1575 1882 cogniti
1615 1810 1814 1883 atque
1845 1800 1912 1862 in
1948 1809 2175 1881 primis
2208 1800 2484 1880 probati,
2521 1809 2593 1862 ut

388 1938 474 1974 κιο
493 1912 655 1975 mihi
714 1921 849 1976 non
911 1913 1125 1976 solum
1194 1912 1643 1995 praeconium,
1707 1912 1905 1994 quod,
1968 1931 2120 1974 cum
2181 1911 2250 1973 in
2318 1911 2591 1991 Sigeum

489 2020 801 2101 venisset,
849 2025 1235 2089 Alexander
1284 2024 1368 2088 ab
1421 2026 1722 2088 Homero
1767 2023 2018 2087 Achilli
2069 2022 2390 2088 tributum
2444 2042 2592 2086 esse

491 2137 671 2214 dixit,
736 2139 854 2202 sed
915 2137 1114 2201 etiam
1176 2158 1381 2220 grave
1448 2136 1903 2201 testimonium
1966 2136 2373 2218 impertitum
2435 2135 2595 2199 clari

492 2249 778 2313 hominis
824 2258 1181 2333 magnique
1233 2249 1555 2313 videatur.
1674 2249 1898 2313 Placet
1944 2248 2121 2311 enim
2176 2249 2432 2311 Hector
2484 2248 2592 2311 ille

492 2362 652 2424 mihi
700 2363 1107 2437 Naevianus,
1153 2372 1267 2445 qui
1310 2370 1444 2425 non
1491 2371 1752 2425 tantum
1800 2361 2124 2423 ‘laudari'
2172 2368 2243 2423 se
2288 2361 2589 2435 laetatur,

388 2497 470 2544 115
492 2475 608 2537 sed
662 2476 844 2538 addit
896 2475 1095 2538 etiam
1148 2481 1222 2539 ‘a
1274 2475 1545 2538 laudato
1588 2474 1769 2537 viro!
1906 2473 2105 2555 Quod
2160 2482 2217 2535 si
2259 2480 2299 2534 a
2344 2480 2412 2534 te
2456 2479 2590 2535 non

491 2585 791 2668 impetro,
827 2588 950 2651 hoc
989 2598 1109 2664 est,
1145 2598 1202 2651 si
1230 2608 1401 2671 quae
1432 2594 1501 2649 te
1532 2594 1637 2650 res
1670 2584 2592 2668 impedierit—nequeenim

492 2699 596 2762 fas
651 2719 797 2762 esse
851 2700 1131 2764 arbitror
1183 2699 1540 2784 quicquam
1602 2707 1709 2761 me
1763 2707 2110 2780 rogantem
2164 2697 2284 2760 abs
2337 2703 2404 2759 te
2458 2704 2592 2760 non

491 2812 845 2893 impetrare
869 2850 973 2889 —-,
1009 2822 1210 2894 cogar
1240 2813 1528 2876 fortasse
1561 2814 1786 2875 facere
1817 2812 1996 2894 quod
2030 2818 2160 2872 non
2193 2809 2360 2872 nulli
2390 2829 2593 2890 saepe

490 2986 545 3033 in
579 2985 666 3035 the
706 3002 815 3034 rare
854 2987 1014 3035 active
1054 3002 1212 3046 sense,
1246 2994 1513 3051 strangers.
1570 2988 1671 3036 and
1732 2986 2012 3035 conducted
2075 3000 2106 3032 a
2167 2983 2437 3033 successful
2494 3000 2595 3032 war

490 3068 570 3130 98.
636 3067 964 3132 Spartiates,
1026 3070 1103 3118 tlte
1171 3071 1416 3134 Spartan.
1449 3098 1519 3106 —
1569 3070 1765 3133 against
1831 3069 1918 3117 the
1986 3067 2370 3129 Carthaginians
2438 3065 2599 3129 (339-

490 3150 867 3215 perhibendus,
922 3159 1057 3200 must
1108 3153 1160 3200 be
1212 3153 1509 3202 mentioned.
1571 3152 1667 3216 338
1722 3154 1886 3215 B.c.);
1958 3152 2125 3199 notice
2182 3151 2266 3199 the
2325 3150 2593 3198 chiasmus.

497 3246 604 3281 100.
651 3232 709 3282 in
756 3246 817 3285 eo
864 3247 1072 3299 genere,
1112 3235 1191 3284 i.e.
1232 3236 1285 3284 in
1330 3235 1519 3298 having
1576 3236 1683 3285 108.
1718 3231 2131 3299 spectatissimi,
2170 3240 2292 3281 most
2325 3232 2492 3296 highly
2528 3248 2596 3279 es·

492 3316 708 3380 pictures
747 3318 847 3365 and
887 3323 1075 3366 statues
1120 3318 1177 3365 of
1216 3318 1516 3366 themselves
1569 3319 1763 3367 teemed.
1844 3330 1951 3380 109.
1993 3314 2214 3381 cogniti,
2249 3316 2394 3364 tried.
2484 3326 2591 3362 110.

492 3401 659 3447 made.
764 3412 869 3462 103.
931 3400 1322 3464 praestantius,
1383 3416 1520 3449 more
1569 3398 1929 3465 praeconium,
1953 3399 2239 3448 laudation.
2316 3410 2422 3458 114.
2456 3397 2597 3447 Nae-

489 3482 691 3547 helpful.
805 3496 910 3545 104.
984 3482 1276 3535 memoriae
1341 3482 1518 3548 digni·
1569 3482 1782 3543 vianus,
1818 3484 1903 3532 i.e.
1949 3483 2001 3530 in
2042 3482 2130 3530 the
2169 3481 2356 3529 Hector
2388 3479 2599 3546 Prefici-

490 3564 684 3624 tatem,
728 3582 811 3628 my
844 3567 1168 3629 posthumam·
1213 3567 1519 3631 reputation.
1571 3583 1721 3616 scens.
1757 3566 1977 3615 Naevius
1995 3564 2262 3613 flourished
2285 3563 2335 3611 in
2350 3563 2435 3611 the
2454 3562 2601 3611 latter

498 3648 604 3696 106.
646 3647 1006 3700 Timoleonti:
1058 3650 1122 3697 he
1165 3651 1385 3715 deposed
1433 3650 1520 3699 the
1573 3650 1685 3699 half
1719 3650 1778 3698 of
1810 3650 1895 3699 the
1939 3648 2071 3697 third
2110 3652 2316 3710 century
2347 3657 2478 3705 B.c.;
2533 3646 2601 3694 he

491 3735 680 3793 tyrants
703 3732 761 3779 of
778 3732 863 3780 the
890 3732 1057 3781 Greek
1090 3733 1231 3781 cities
1266 3733 1324 3782 of
1353 3734 1521 3797 Sicily,
1575 3749 1675 3782 was
1706 3733 1795 3781 the
1823 3731 1984 3780 father
2015 3731 2072 3779 of
2104 3732 2302 3778 Roman
2335 3728 2447 3792 epic
2478 3744 2604 3792 poe-
