2950 4150
387 812 444 859 35

396 2505 451 2537 10

487 271 576 334 66
890 284 896 290 '
990 278 1638 329 CORRESPONDENCE
1682 278 1773 327 OF
1813 278 2087 327 CICERO.

490 454 910 536 ingravescit,
957 453 1156 517 credo
1204 462 1271 516 et
1322 452 1558 515 aetatis
1607 451 1987 515 maturitate
2034 452 2119 515 ad
2165 451 2592 536 prudentiam

492 575 560 630 et
599 566 678 629 iis
719 575 1096 648 temporum
1134 565 1326 642 vitiis,
1366 575 1438 628 ut
1483 565 1666 627 niilla
1714 572 1819 627 res
1861 564 1988 627 alia
2031 564 2253 628 levare
2296 564 2593 626 animum

493 679 810 742 molestiis
842 678 1069 760 possit.
1163 662 1232 740 Ᾰ
1265 685 1396 760 quo·
1434 677 1654 740 studio
1690 685 1756 739 te
1799 677 2041 740 abduci
2082 677 2366 758 negotiis
2408 677 2595 741 intel-

493 792 645 873 lego
693 811 775 854 ex
821 800 952 854 tuis
1002 790 1253 867 litterIS,
1307 790 1425 853 sed
1473 797 1700 853 tamen
1755 788 2003 872 aliquid
2056 788 2188 851 iam
2242 796 2473 852 noctes
2527 796 2594 852 te

493 904 917 967 adiuvfibunt.

726 1154 995 1216 XXXI.
1094 1153 1161 1216 A
1224 1153 1752 1216 PILFERING
1817 1152 2363 1216 LIBRARIAN

1232 1270 1448 1358 (Fam.
1494 1290 1585 1352 13.
1625 1287 1724 1353 77.
1766 1271 1850 1358 3).

585 1457 935 1518 Praeterea
982 1461 1021 1517 ὃ,
1069 1461 1137 1516 te
1186 1461 1344 1535 peto
1392 1454 1460 1516 in
1513 1453 1826 1516 maiorem
1878 1453 2147 1517 modum
2197 1460 2319 1536 pro
2366 1461 2596 1516 nostra

496 1567 781 1631 amicitia
831 1577 898 1630 et
946 1575 1068 1647 pro
1116 1575 1233 1630 tuo
1285 1574 1614 1648 perpetuo
1665 1566 1733 1628 in
1788 1573 1895 1628 me
1948 1565 2170 1629 studio
2223 1575 2294 1628 ut
2347 1565 2415 1628 in
2469 1566 2595 1630 hac

495 1688 567 1743 re
608 1681 807 1744 etiam
852 1679 1165 1742 elabores.
1269 1678 1652 1764 Dionysius
1700 1698 1929 1741 servus
1973 1698 2179 1754 meus,
2225 1687 2339 1760 qui
2378 1698 2594 1740 meam

494 1778 941 1857 bibliothecen
983 1792 1339 1855 multorum
1385 1799 1809 1853 nummorum
1858 1790 2181 1865 tractavit,
2232 1810 2382 1854 cum
2438 1792 2599 1853 mul-

495 1916 599 1969 tos
642 1906 842 1969 libros
888 1904 1322 1986 subripuisset
1363 1924 1488 1967 nec
1536 1912 1606 1967 se
1652 1904 1925 1985 impune
1974 1904 2261 1965 laturum
2312 1910 2594 1984 putaret,

498 2019 775 2101 aufugit.
875 2019 943 2081 Is
988 2026 1092 2081 est
1137 2017 1204 2080 in
1249 2016 1590 2100 provincia
1634 2024 1781 2095 tu53
1831 2037 1984 2081 eum
2028 2026 2096 2080 et
2141 2018 2232 2080 M.
2284 2016 2595 2092 Bolanus,

498 2155 687 2197 meus
718 2134 1080 2210 familiariS,
1117 2143 1183 2197 et
1215 2134 1407 2196 multi
1436 2133 1548 2196 alii
1580 2134 1893 2196 Naronae
1925 2132 2250 2206 viderunt,
2287 2131 2406 2193 sed
2444 2150 2596 2192 cum

499 2256 571 2310 se
611 2254 650 2309 Ξ
693 2255 800 2309 me
842 2246 1323 2309 manumissum
1359 2266 1509 2309 esse
1547 2246 1811 2320 diceret,
1855 2245 2293 2308 crediderunt.
2391 2243 2598 2305 Hunc

497 2369 568 2423 tsi
596 2370 653 2423 si
678 2360 837 2422 mihi
861 2359 1343 2423 restituendum
1372 2359 1639 2435 curariS,
1668 2367 1802 2421 non
1835 2378 2109 2442 possum
2142 2357 2361 2419 dicere
2395 2375 2596 2436 quam

498 2473 659 2535 mihi
707 2480 971 2555 gratum
1018 2472 1319 2535 futurum
1367 2470 1466 2535 sit.
1573 2472 1710 2534 Res
1756 2471 1902 2552 ipsa
1951 2490 2174 2552 parva,
2222 2468 2340 2531 sed
2395 2466 2601 2529 animi

498 2596 629 2649 mei
680 2586 867 2648 dolor
920 2592 1204 2666 magnus
1258 2593 1377 2647 est.
1497 2584 1635 2649 Ubi
1689 2583 1772 2647 sit
1824 2593 1892 2646 et
1944 2581 2102 2664 quid
2164 2582 2307 2643 fieri
2365 2579 2596 2661 possit,

501 2699 793 2761 Bolanus
825 2706 891 2762 te
922 2697 1201 2761 docebit.
1298 2698 1445 2779 Ego
1488 2706 1543 2759 si
1583 2692 1921 2759 hOminem
1954 2715 2075 2776 per
2104 2701 2172 2755 te
2202 2691 2596 2773 reciperato,

499 2819 759 2874 summo
789 2818 896 2873 me
927 2818 967 2873 5,
997 2819 1064 2873 te
1094 2810 1419 2874 beneficio
1451 2809 1792 2872 adfectum
1825 2807 2207 2871 arbitrabor.

496 2988 716 3047 faciam,
740 2989 818 3038 i.e.
845 2989 964 3038 take
988 2996 1099 3053 part
1123 2990 1175 3037 in
1199 2991 1284 3038 the
1310 2989 1521 3038 deliber·
1575 2988 1661 3036 the
1688 2987 1858 3052 prefix.
1925 3001 1972 3048 4.
2013 2984 2392 3044 bibliothecen,
2429 2983 2599 3033 Greek

482 3073 661 3120 -ations
689 3072 746 3119 of
770 3072 854 3120 the
883 3079 1071 3120 senate.
1160 3085 1241 3134 32.
1276 3072 1524 3137 ingrave-
1577 3071 1718 3130 form,
1750 3091 1799 3114 =
1830 3070 2179 3118 bibliothecam.
2213 3097 2281 3105 —-
2307 3068 2602 3118 multorum

498 3153 618 3212 scit,
645 3170 811 3217 grows
839 3170 974 3202 more
1005 3162 1213 3203 earnest.
1233 3183 1301 3190 —
1317 3154 1522 3205 aetatis
1575 3166 1930 3212 nummorum,
1958 3173 2007 3195 =
2033 3152 2213 3215 magni
2232 3152 2387 3214 preti,
2409 3152 2600 3212 pretio·

502 3274 511 3285 .
539 3274 549 3286 .
577 3274 589 3286 .
611 3236 972 3301 prudentiam,
990 3239 1188 3286 because
1213 3240 1248 3286 I
1261 3239 1387 3286 have
1410 3255 1524 3286 now
1574 3253 1696 3285 sam.
1731 3262 1797 3271 —
1830 3234 2109 3294 tractavit,
2155 3235 2264 3282 had
2307 3234 2481 3297 charge
2532 3235 2598 3299 qs.

499 3337 631 3368 come
652 3327 697 3368 to
719 3321 796 3368 tlte
819 3336 906 3384 age
936 3322 1000 3385 of
1007 3322 1123 3386 full
1148 3323 1342 3370 mental
1359 3322 1514 3386 vig-or.
1575 3322 1620 3370 6.
1660 3319 1939 3385 provincia
1973 3319 2099 3369 tua:
2139 3319 2224 3367 the
2258 3318 2404 3366 letter
2436 3317 2477 3364 is
2512 3318 2601 3365 ad-

500 3415 578 3466 35.
624 3403 824 3461 noctes,
866 3404 944 3451 i.e.
986 3405 1200 3453 because
1241 3405 1358 3467 they
1392 3420 1523 3453 were
1576 3405 1778 3453 dressed
1815 3410 1867 3452 to
1908 3402 1993 3451 the
2037 3403 2235 3450 Roman
2276 3400 2604 3448 commander

499 3486 725 3547 growing
759 3486 946 3549 longer.
1576 3488 1625 3537 in
1652 3488 1918 3551 Illyricum.
1996 3499 2037 3550 7.
2074 3487 2336 3542 Naronae,
2365 3499 2394 3531 a
2425 3482 2525 3545 city
2550 3482 2610 3531 os

588 3569 780 3616 XXXI.
843 3582 884 3615 1.
920 3567 977 3618 in
1005 3568 1266 3621 maiorem
1287 3570 1522 3629 modum,
1577 3570 1847 3628 Dalmatia,
1889 3585 1986 3618 one
2033 3568 2092 3617 of
2133 3568 2219 3616 the
2267 3565 2506 3616 divisions
2551 3563 2611 3613 of

500 3665 622 3712 very
639 3652 899 3713 earnestly.
960 3665 1003 3714 3.
1029 3652 1285 3711 elabores,
1311 3654 1370 3701 do
1383 3670 1524 3716 your
1576 3652 1841 3715 Illyricum.
1901 3665 1972 3700 12.
1999 3649 2291 3707 hominem,
2310 3646 2600 3711 thesellow‚·

502 3731 598 3779 best
615 3740 660 3780 to
683 3734 830 3781 assist
849 3750 925 3781 me
938 3751 960 3789 ,·
999 3735 1166 3783 notice
1193 3736 1278 3784 the
1308 3736 1443 3784 force
1471 3736 1530 3784 of
1577 3736 1700 3784 used
1724 3734 2156 3798 contemptuously
2180 3732 2257 3781 sor
2281 3747 2411 3780 eum.

1973 3941 2010 3954 l
