2950 4150
382 431 437 488 65

379 1009 441 1053 70

382 1571 440 1617 75

381 2117 439 2160 80

485 238 570 317 98
987 249 1633 300 CORRESPONDENCE
1677 249 1768 299 OF
1813 250 2080 301 CICERO.

486 427 646 502 gare
694 429 827 483 non
874 430 1075 502 potui.
1190 423 1368 486 Veni
1419 423 1621 486 etiam
1675 424 1966 487 consulis
2013 425 2273 487 Antoni
2316 425 2588 492 domum

488 552 690 613 saepe
734 533 1070 595 salutandi
1111 541 1329 610 causa,
1365 535 1450 596 ad
1494 554 1693 617 quem
1740 545 1855 618 qui
1897 543 2005 598 me
2049 556 2286 617 parum
2332 539 2589 620 patriae

487 653 819 706 amantem
873 664 1021 708 esse
1083 645 1461 708 existimant
1514 646 1797 728 rogandi
1849 647 2117 729 quidem
2173 648 2420 731 aliquid
2475 663 2588 713 aut

486 756 836 819 auferendi
866 763 1067 819 causa
1097 757 1466 839 frequentis
1490 758 1816 821 ventitare
1840 759 2150 841 reperies
2248 761 2384 833 Sed
2413 769 2588 843 ‘quae

487 868 650 931 haec
692 878 794 931 est
835 868 1245 950 adrogantia,
1292 870 1470 951 quod
1518 870 1767 935 Caesar
1806 890 2171 954 numquam
2213 871 2591 955 interpella-

483 979 578 1042 vit
608 989 768 1062 quin
801 980 1039 1063 quibus
1069 981 1310 1044 vellem
1343 990 1543 1063 atque
1574 981 1776 1044 etiam
1809 991 1974 1064 quos
2007 983 2151 1065 ipse
2188 1004 2324 1047 non
2364 985 2589 1066 dilige-

484 1091 599 1154 bat
642 1102 866 1155 tamen
913 1092 991 1155 iis
1039 1100 1277 1168 fiterer,
1326 1101 1441 1155 eos
1496 1103 1610 1175 qui
1662 1093 1822 1156 mihi
1868 1104 2154 1158 amicum
2201 1095 2589 1178 eripuerunt

484 1204 824 1286 carpendo
884 1212 990 1266 me
1039 1203 1301 1268 efficere
1362 1212 1590 1267 conari
1640 1213 1726 1268 ne
1787 1214 1953 1288 quos
2005 1207 2205 1270 velim
2267 1207 2589 1290 diligam?

487 1316 622 1380 Sed
654 1323 789 1378 non
819 1336 1052 1379 vereor
1082 1323 1167 1379 ne
1207 1325 1322 1379 aut
1362 1337 1553 1380 meae
1581 1326 1758 1380 vitae
1801 1318 2127 1381 modestia
2165 1339 2400 1401 parum
2431 1321 2591 1382 vali-

484 1435 632 1490 tfira
665 1427 750 1491 sit
779 1427 848 1490 in
879 1436 1221 1511 posterum
1252 1436 1483 1492 contra
1521 1430 1727 1493 falsos
1769 1437 2086 1506 rumoreS,
2122 1440 2238 1494 aut
2267 1439 2353 1493 ne
2386 1431 2587 1494 etiam

485 1539 531 1602 ii
570 1549 684 1621 qui
727 1547 834 1602 me
880 1548 1014 1603 non
1061 1549 1288 1603 amant
1332 1550 1607 1624 propter
1655 1562 1869 1604 meam
1915 1542 1986 1604 in
2033 1543 2391 1607 Caesarem
2439 1553 2590 1606 con-

486 1651 799 1714 stantiam
831 1660 966 1718 non
997 1652 1231 1715 malint
1261 1662 1394 1716 mei
1416 1673 1616 1735 quam
1649 1663 1752 1715 sui
1776 1653 2004 1715 similis
2037 1662 2284 1717 amicos
2317 1655 2583 1718 habere.

487 1764 659 1826 Mihi
704 1763 972 1846 quidem
1028 1775 1086 1827 si
1129 1771 1361 1847 optata
1412 1763 1822 1846 contingent,
1872 1765 2049 1847 quod
2102 1765 2430 1848 reliquum
2484 1777 2589 1830 est

485 1884 658 1938 vitae
689 1875 756 1937 in
788 1875 923 1938 otio
964 1875 1189 1938 Rhodi
1228 1876 1505 1957 degam3
1555 1885 1656 1938 sin
1699 1883 1893 1939 casus
1935 1875 2172 1958 aliquis
2214 1877 2591 1959 interpella-

484 1986 585 2062 rit,
627 1986 717 2049 ita
758 1995 872 2051 ero
917 1987 1171 2050 Romae
1213 1996 1286 2050 ut
1327 1994 1507 2050 recte
1551 1988 1694 2049 fieri
1739 2007 2005 2069 semper
2050 1988 2333 2069 cupiam.
2428 1990 2591 2053 Tre-

483 2099 665 2163 batio
708 2108 939 2163 nostro
985 2107 1263 2181 magnas
1310 2108 1439 2181 ago
1484 2101 1750 2181 gratias,
1801 2101 1979 2182 quod
2028 2110 2218 2163 tuum
2271 2108 2434 2183 erga
2479 2110 2589 2165 me

484 2211 778 2274 animum
821 2211 1189 2292 simplicem
1232 2220 1432 2292 atque
1475 2221 1761 2274 amicum
1803 2212 2063 2293 aperuit
2105 2222 2173 2276 et
2214 2213 2393 2295 quod
2431 2233 2588 2277 eum

485 2343 683 2406 quem
715 2343 981 2407 semper
1010 2323 1294 2387 libenter
1324 2323 1522 2386 dilexi
1550 2332 1683 2406 quo
1714 2323 1929 2405 magis
1961 2324 2102 2387 iure
2135 2325 2353 2388 colere
2385 2334 2589 2409 atque

483 2435 836 2499 observare
867 2436 1180 2499 deberem
1211 2435 1389 2499 fecit.
1485 2437 1669 2498 Bene
1699 2436 1849 2498 vale
1880 2445 1948 2500 et
1979 2443 2086 2498 me
2117 2436 2333 2518 dilige.

863 2647 1016 2710 LII.
1110 2646 1344 2711 TIRO
1406 2645 1732 2710 TURNS
1797 2645 2208 2711 FARMER

1119 2756 1324 2842 (from
1355 2757 1538 2820 Fam.
1583 2758 1676 2820 16.
1715 2775 1812 2820 21.
1852 2756 1938 2843 7).

575 2906 838 2987 Emisse
883 2930 951 2985 te‘:
998 2920 1341 3004 praedium
1386 2921 1821 2984 vehementer
1864 2921 2127 3001 gaudeo
2173 2921 2593 3005 feliciterque

485 3034 606 3098 tibi
641 3055 780 3098 rem
819 3034 1013 3097 istam
1056 3040 1320 3096 evenire
1363 3032 1577 3114 cupio.
1676 3033 1827 3095 Hoc
1870 3032 2018 3095 loco
2058 3040 2167 3096 me
2207 3032 2327 3097 tibi
2368 3042 2595 3115 gratu-

486 3186 609 3235 heir.
699 3186 777 3250 65.
817 3184 957 3236 Veni
996 3182 1181 3242 etiam,
1222 3184 1330 3247 they
1366 3183 1511 3232 make
1563 3199 1646 3246 my
1667 3184 1972 3247 associating
1989 3185 2112 3232 with
2134 3185 2294 3233 whom
2321 3186 2359 3232 I
2368 3186 2590 3249 pleased.

488 3269 533 3317 it
563 3285 596 3316 a
625 3268 841 3333 ground
873 3269 936 3333 os
959 3267 1235 3330 complaint
1269 3266 1372 3314 also
1405 3266 1515 3314 that
1565 3278 1642 3329 72.
1676 3265 1940 3329 carpendo
1968 3278 2071 3324 me,
2102 3266 2160 3329 by
2182 3267 2468 3333 traducing
2494 3285 2588 3318 me.

487 3352 527 3398 I
539 3351 676 3399 visit.
734 3350 813 3411 69.
837 3350 977 3413 quod
1004 3386 1014 3397 .
1041 3385 1052 3397 .
1079 3385 1090 3397 .
1114 3348 1307 3406 uterer,
1332 3363 1510 3412 paren·
1563 3347 1642 3396 81.
1678 3345 2000 3411 simplicem,
2033 3349 2243 3398 sincere.
2325 3349 2409 3412 83.
2445 3350 2597 3401 Bene

488 3432 709 3491 thetical,
749 3432 885 3496 quod
922 3431 1108 3493 having
1151 3429 1228 3478 for
1268 3429 1330 3478 its
1370 3434 1510 3477 ante·
1561 3429 1701 3488 vale,
1725 3430 1801 3478 for
1825 3430 1911 3479 the
1936 3430 2234 3479 Ciceronian
2258 3433 2383 3480 vale.

489 3515 673 3563 cedent
716 3530 790 3563 eos
820 3550 833 3562 .
872 3550 883 3562 .
924 3549 935 3562 .
975 3513 1206 3577 diligam,
1251 3511 1419 3559 which
1469 3510 1513 3559 is
1653 3511 1768 3560 LII.
1832 3513 1981 3561 From
2039 3530 2069 3562 a
2125 3514 2272 3562 letter
2326 3513 2455 3563 from
2509 3515 2598 3563 the

491 3597 810 3661 explanatory
856 3597 914 3645 of
961 3594 1265 3659 adrogantia
1289 3609 1309 3642 .·
1364 3592 1513 3642 while
1562 3608 1731 3656 young
1779 3594 1981 3644 Marcus
2026 3600 2079 3644 to
2123 3596 2258 3646 Tiro,
2353 3610 2394 3645 1.
2440 3609 2599 3661 prae·

499 3679 685 3727 Caesar
719 3695 873 3728 never
911 3678 1046 3727 stood
1084 3677 1145 3725 in
1183 3677 1261 3725 tlte
1299 3691 1415 3738 way
1447 3675 1512 3740 os
1563 3674 1730 3735 dium,
1762 3676 1931 3740 farm.
2016 3689 2060 3726 2.
2101 3677 2210 3728 Hoc
2250 3677 2383 3738 loco,
2423 3679 2505 3729 i.e.
2548 3685 2602 3729 at
