2950 4150
360 878 416 925 35

359 1445 420 1489 40

469 242 550 308 54
966 237 1617 288 CORRESPONDENCE
1661 237 1751 287 OF
1795 237 2062 288 CICERO.

464 433 611 476 esse
643 413 996 475 neminem.
1093 413 1375 475 Accedit
1422 412 1620 475 etiam
1667 413 1847 494 quod
1899 412 2218 475 familiam
2270 414 2453 477 ducit
2500 414 2569 477 in

464 527 604 589 iare
658 526 833 589 civili
886 526 1205 607 singulari
1264 525 1599 601 memoria,
1660 533 1917 587 summa
1972 526 2265 590 scientia.
2387 529 2568 593 Huic

464 659 590 719 ego
623 658 840 721 neque
871 639 1281 701 tribunatum
1314 658 1532 720 neque
1573 638 2067 720 praefectfiram
2109 659 2327 722 neque
2371 640 2568 704 fillius

464 753 746 814 benefici
806 760 1061 814 certum
1123 759 1367 813 nomen
1430 759 1607 832 peto,
1673 750 2204 813 benevolentiam
2268 761 2451 814 tuam
2500 762 2569 814 et

465 864 925 926 liberalitatem
981 872 1155 945 peto,
1214 883 1430 945 neque
1493 863 1785 945 impedio
1844 871 1978 945 qua
2039 863 2276 939 minuS‚
2334 874 2391 926 si
2447 864 2571 928 tibi

466 978 555 1039 ita
588 976 928 1058 placuerit,
964 976 1163 1038 etiarn
1197 977 1377 1038 hisce
1411 996 1562 1039 eum
1597 984 1792 1039 ornes
1824 976 2139 1057 glariolae
2169 976 2564 1057 insignibus,

464 1090 710 1151 T6tum
758 1088 1045 1171 danique
1092 1088 1428 1151 hominem
1474 1087 1595 1150 tibi
1640 1088 1732 1151 ita
1776 1088 1984 1164 trado,
2034 1088 2153 1151 ‘de
2199 1089 2444 1165 manfi‚'
2494 1099 2569 1151 ut

465 1202 669 1277 aiunt,
713 1201 813 1263 ‘in
858 1202 1167 1263 manum'
1206 1209 1389 1263 tuam
1434 1199 1630 1262 istam
1674 1210 1741 1263 et
1782 1200 2055 1263 victoria
2101 1211 2169 1264 et
2210 1201 2341 1263 fide
2382 1221 2569 1282 prae-

466 1323 772 1377 stantem.
887 1313 1108 1378 Simus
1156 1313 1333 1375 enim
1381 1312 1827 1394 patidiusculi,
1877 1308 2281 1396 quamquam
2336 1334 2455 1395 per
2501 1321 2569 1376 te

465 1427 573 1489 vix
617 1426 805 1502 licet;
868 1433 1117 1501 verum,
1165 1436 1238 1488 ut
1284 1425 1498 1502 video,
1547 1425 1785 1489 licebit.
1882 1427 2060 1490 Cara
2113 1436 2185 1490 ut
2231 1426 2453 1490 valeas
2499 1435 2569 1489 et

467 1546 590 1616 me,
626 1548 697 1602 ut
728 1545 931 1614 amas,
966 1546 1133 1601 ama.

567 1782 798 1845 XXII.
894 1780 1249 1847 CICERO
1311 1779 1700 1863 QUOTES
1765 1779 2035 1845 FROM
2103 1781 2470 1846 ENNIUS

1295 1894 1509 1981 (Fam.
1550 1911 1605 1977 7.
1640 1895 1728 1982 6).

1126 2074 1341 2125 Cicera
1376 2074 1439 2124 S.
1473 2075 1546 2123 D.
1587 2075 1895 2125 Trebatio.

554 2236 635 2298 In
677 2234 985 2298 omnibus
1029 2244 1193 2297 meis
1237 2233 1541 2316 epistulis
1582 2241 1749 2316 quas
1796 2234 1881 2297 ad
1924 2235 2281 2299 Caesarem
2325 2244 2438 2297 aut
2480 2235 2565 2298 ad

468 2349 751 2411 Balbum
784 2348 975 2411 mitto
1005 2347 1302 2428 legitima
1333 2347 1662 2430 quaedam
1698 2357 1800 2410 est
1832 2347 2127 2410 accessio
2150 2347 2569 2411 commenda-

463 2461 662 2524 tionis
704 2471 879 2536 tuae,
926 2480 1048 2524 nec
1093 2481 1171 2523 ea
1212 2460 1525 2541 vulgaris,
1573 2460 1690 2523 sed
1733 2480 1885 2523 cum
1927 2459 2151 2542 aliqua
2188 2469 2436 2541 insigni
2475 2460 2568 2521 in-

465 2573 637 2636 dicio
690 2592 878 2636 meae
933 2580 1094 2654 erga
1144 2581 1211 2636 ta
1263 2572 1787 2635 benevolentiae.
1880 2572 1988 2633 Tfi
2036 2572 2233 2635 modo
2279 2571 2568 2654 ineptias
2607 2583 2656 2618 ³·

463 2685 624 2748 istas
679 2695 745 2748 et
799 2685 1124 2748 desideria
1177 2684 1356 2748 urbis
1409 2694 1475 2747 et
1530 2683 1923 2747 urbanitatis
1975 2684 2236 2765 depane
2290 2692 2376 2757 et,
2433 2692 2570 2766 quf)

464 2798 739 2861 consilia
799 2800 1143 2880 profectus
1197 2818 1287 2874 eS,
1345 2797 1410 2860 id
1473 2797 1871 2860 adsiduitate
1926 2806 1991 2859 et
2043 2795 2289 2860 vittate
2343 2804 2570 2859 conse-

463 2931 683 2993 quere.
783 2912 933 2974 Hac
976 2910 1097 2973 tibi
1138 2919 1274 2973 tam
1311 2917 1737 2991 ignaseemus
1774 2917 1896 2972 nos
1928 2919 2123 2972 amici
2153 2929 2354 2991 quam
2385 2917 2567 2990 igna-

462 3031 700 3086 verunt
734 3022 1034 3098 Medeae,

463 3206 540 3256 31.
575 3190 867 3248 familiam,
894 3194 1190 3258 profession.
1266 3206 1343 3255 32.
1378 3206 1487 3243 me·
1542 3192 1645 3253 nis,
1681 3192 2017 3257 appositional
2050 3208 2166 3257 gen.
2250 3205 2296 3255 3.
2330 3192 2477 3251 tuae,
2509 3211 2560 3234 =

460 3274 646 3334 moria,
661 3274 906 3332 scientia,
923 3275 1019 3323 abl.
1037 3276 1094 3323 of
1104 3291 1265 3324 cause.
1314 3289 1391 3339 33.
1408 3277 1487 3326 ul·
1541 3278 1635 3325 tui.
1695 3291 1742 3338 4.
1768 3275 2008 3340 ineptias
2034 3313 2046 3326 .
2075 3314 2085 3325 .
2112 3314 2123 3325 .
2149 3274 2435 3333 desideria,
2452 3276 2569 3338 silly

460 3358 567 3408 lius
589 3394 600 3406 .
622 3393 633 3407 .
655 3393 667 3406 .
686 3369 895 3415 nomen,
912 3374 1019 3421 any
1027 3360 1326 3421 particular
1327 3361 1489 3424 favor
1540 3361 1755 3423 longing.
1829 3374 1872 3424 5.
1908 3358 2255 3418 urbanitatis,
2287 3358 2365 3406 the
2398 3358 2487 3423 life
2518 3357 2581 3423 qs

460 3441 696 3503 byname.
734 3452 811 3504 35.
829 3439 1080 3503 impedio,
1097 3442 1255 3505 object.
1294 3454 1370 3504 39.
1388 3454 1487 3504 pu·
1539 3444 1615 3490 the
1649 3444 1758 3506 city.
1845 3443 1891 3491 6.
1925 3441 2276 3500 adsiduitate,
2308 3449 2567 3504 persever·

459 3521 754 3580 tidiusculi,
780 3540 812 3570 α-
837 3524 962 3571 little
985 3524 1313 3572 troublesome.
1539 3542 1676 3574 ance.
1749 3538 1792 3588 7.
1816 3526 1939 3582 Hoc,
1959 3525 2038 3573 i.e.
2059 3540 2182 3586 your
2201 3524 2417 3572 absence
2436 3524 2566 3572 from

549 3606 723 3654 XXII.
782 3619 825 3653 2.
869 3604 1136 3670 legitima,
1173 3607 1394 3670 regular.
1419 3635 1487 3642 —
1542 3609 1716 3656 Rome.
1787 3607 1830 3656 8.
1866 3607 2116 3656 Medeae:
2157 3607 2243 3655 the
2278 3606 2569 3670 quotations

458 3687 709 3748 accessio,
733 3689 1485 3740 addition.—commendatio-
1540 3692 1647 3739 that
1672 3691 1837 3739 follow
1863 3706 1946 3738 are
1970 3690 2098 3738 stom
2128 3689 2215 3738 the
2242 3688 2423 3738 Medea
2454 3689 2568 3737 Ex·
