2950 4150
794 275 842 322 A
888 273 1161 322 LETTER
1206 273 1296 322 OF
1342 271 2030 321 RECOMMENDATION.
2395 273 2471 339 53

369 448 489 512 sed
522 454 757 531 postea
789 468 986 530 quam
1028 457 1094 510 et
1139 449 1414 528 Pompei
1449 445 1879 509 commoratio
1922 444 2292 508 difiturnior
2334 455 2476 508 erat

370 581 570 644 quam
619 567 945 643 putaram,
992 569 1058 623 et
1101 579 1251 622 mea
1297 559 1626 641 quaedam
1674 558 1794 621 tibi
1839 566 1973 620 non
2018 565 2249 638 ignota
2294 557 2477 620 dubi-

268 674 269 677 ’
371 674 534 736 tatio
585 683 700 736 aut
753 672 1075 754 impedire
1136 671 1621 754 profectionem
1683 691 1900 734 meam
1954 669 2301 732 videbatur
2361 679 2478 732 aut

372 793 551 848 certe
596 785 879 859 tardare,
926 784 1079 847 vide
1125 784 1284 866 quid
1330 784 1495 846 mihi
1542 783 1957 865 sumpserim.
2054 783 2266 864 Coepi
2304 783 2475 845 velle

371 917 451 960 ea
510 896 898 961 Trebatium
962 903 1350 978 exspectare
1410 904 1450 958 a
1511 904 1582 981 te
1631 916 1802 980 quae
1866 902 2203 977 sperasset
2255 901 2294 956 Ξὶ
2348 902 2472 969 me,

372 1029 590 1091 neque
623 1009 1003 1072 mehercule
1037 1009 1256 1071 minus
1290 1018 1352 1071 ei
1391 1009 1641 1090 prolixe
1682 1008 1766 1070 de
1806 1015 1919 1071 tua
1952 1008 2295 1070 voluntate
2333 1015 2476 1088 pro-

373 1131 522 1184 misi
565 1142 767 1203 quam
815 1141 997 1184 eram
1046 1121 1277 1184 solitus
1325 1121 1409 1183 de
1455 1128 1604 1183 mea
1654 1120 1967 1202 polliceri.
2060 1120 2272 1184 Casus
2318 1126 2477 1181 vero

373 1233 684 1296 mirificus
746 1233 1014 1316 quidam
1078 1233 1433 1296 intervenit
1494 1233 1686 1315 quasi
1736 1232 1844 1294 vel
1897 1231 2087 1295 testis
2148 1231 2476 1313 opinionis

373 1366 561 1408 meae
591 1346 699 1408 vel
742 1354 1025 1427 sponsor
1068 1344 1501 1408 humanitatis
1542 1354 1714 1408 tuae.
1813 1345 1988 1407 Nam
2031 1364 2179 1407 cum
2225 1344 2308 1406 de
2350 1345 2475 1406 hoc

371 1458 521 1540 ipso
581 1458 897 1521 Trebatio
957 1478 1106 1521 cum
1175 1457 1386 1520 Balbo
1447 1466 1677 1520 nostro
1736 1458 2042 1540 loquerer
2102 1457 2475 1520 accuratius

372 1571 553 1633 domi
599 1590 803 1646 meae,
854 1571 1113 1633 litterae
1160 1570 1323 1631 mihi
1368 1570 1612 1632 dantur
1655 1577 1695 1632 a
1731 1560 1826 1645 te,
1874 1569 2113 1651 quibus
2159 1569 2227 1631 in
2274 1576 2477 1631 extre—

372 1692 496 1745 mis
539 1692 858 1764 scriptum
891 1692 1070 1745 erat:
1124 1688 1138 1715 ‘
1164 1684 1256 1745 M.
1292 1674 1555 1758 Reium,
1591 1702 1790 1765 quem
1824 1682 1986 1744 mihi
2022 1681 2472 1756 commenda&

372 1796 478 1857 vel
524 1802 751 1876 regem
799 1794 1054 1858 Galliae
1100 1794 1364 1870 faciam,
1412 1795 1520 1857 vel
1574 1795 1751 1857 hunc
1809 1795 2064 1875 Leptae
2117 1792 2372 1873 delegit,
2423 1803 2479 1855 si

372 1916 486 1968 vis,
580 1908 685 1969 Tu
720 1907 806 1968 ad
849 1914 955 1968 me
998 1906 1198 1968 alium
1242 1906 1428 1970 mitte
1466 1927 1664 1989 quem
1708 1905 1977 1969 6rnem.’
2071 1905 2476 1970 Sustulimus

372 2026 611 2083 maniis
658 2028 725 2082 et
770 2038 897 2101 ego
944 2029 1010 2082 et
1061 2019 1327 2083 Balbus.
1450 2020 1674 2082 Tanta
1718 2018 1847 2082 fuit
1885 2008 2357 2101 ⁴opportunitas
2405 2027 2476 2081 ut

373 2131 533 2194 illud
575 2132 802 2195 nescio
844 2132 1002 2214 quid
1048 2141 1181 2206 non
1225 2133 1594 2208 fortuitum,
1630 2132 1747 2195 sed
1790 2132 2083 2194 divinum
2125 2131 2470 2193 videretur.

376 2244 576 2307 Mitto
621 2243 822 2325 igitur
863 2245 949 2306 ad
996 2252 1064 2306 te
1108 2243 1518 2319 Trebatium,
1566 2254 1765 2327 atque
1812 2244 1905 2307 ita
1945 2244 2136 2306 mitto
2176 2253 2249 2305 ut
2289 2242 2477 2306 initio

372 2364 521 2419 mea
568 2366 826 2437 sponte,
878 2366 1032 2438 post
1077 2365 1300 2426 autem
1348 2356 1625 2419 invitatu
1673 2365 1789 2419 tuo
1835 2356 2230 2419 mittendum
2281 2356 2476 2418 duxe—

371 2469 511 2532 rim.
611 2470 835 2544 Hunc‚
894 2478 985 2530 mi
1038 2470 1306 2544 Caesar,
1364 2479 1456 2532 sic
1511 2469 1709 2532 velim
1764 2478 1946 2532 omni
1996 2475 2113 2531 tua
2166 2467 2474 2531 comitate

369 2581 816 2663 complectare
855 2590 926 2643 ut
969 2581 1191 2643 omnia
1228 2601 1399 2663 quae
1442 2601 1564 2663 per
1605 2589 1712 2644 me
1754 2590 1972 2663 possis
2010 2581 2255 2643 adduci
2293 2590 2367 2643 ut
2408 2580 2474 2641 in

370 2701 555 2756 meos
597 2693 904 2756 conferre
945 2694 1110 2756 velis
1156 2693 1224 2755 in
1273 2701 1478 2782 finum
1527 2695 1704 2757 hunc
1752 2694 2078 2757 conferas.
2191 2694 2298 2756 De
2343 2701 2477 2775 quo

368 2805 489 2868 tibi
535 2805 804 2899 homine
860 2805 1025 2869 haec
1081 2806 1400 2887 spondeo,
1450 2813 1585 2868 non
1641 2806 1753 2869 illo
1797 2815 2023 2868 vetere
2068 2805 2274 2868 verbo
2325 2813 2476 2868 meo

369 2918 566 3000 quod,
602 2938 752 2981 cum
787 2918 872 2979 ad
902 2925 968 2980 te
1006 2918 1090 2980 de
1132 2918 1385 2981 Milone
1425 2918 1860 3000 scripsissem,
1903 2918 2044 2981 iiire
2082 2917 2313 2994 liisisti,
2356 2918 2473 2980 sed

369 3037 549 3092 more
601 3031 924 3105 Romano,
975 3038 1109 3112 quo
1156 3030 1355 3093 modo
1401 3030 1706 3092 homines
1756 3039 1891 3093 nc’m
1938 3030 2148 3112 inepti
2201 3031 2475 3113 loquun-

366 3151 491 3218 tur,
535 3141 909 3223 probiorem
952 3142 1308 3218 hominem‚
1351 3142 1690 3205 meliorem
1732 3143 1964 3217 virum,
2011 3142 2472 3224 pudentiorem

368 3314 411 3366 7.
442 3301 728 3361 dubitatio,
755 3304 1094 3351 irresolution.
1170 3315 1243 3351 11.
1278 3314 1395 3367 pro·
1451 3316 1528 3352 22.
1564 3302 1645 3353 ita
1673 3301 1836 3354 mitto
1864 3304 1941 3362 ut,
1966 3304 2005 3351 I
2017 3303 2146 3352 send
2161 3303 2269 3351 him
2304 3304 2363 3350 in
2397 3303 2475 3351 the

364 3373 491 3446 fixe,
502 3387 684 3451 fteely.
756 3398 830 3434 12.
855 3384 1045 3444 Casus,
1067 3386 1394 3434 coincidence.
1448 3387 1604 3451 belief
1612 3388 1733 3435 that.
1815 3400 1890 3447 24.
1926 3387 2024 3437 tua
2048 3385 2321 3444 comitate,
2335 3402 2475 3448 your

369 3481 443 3528 14.
463 3479 706 3532 sponsor,
715 3468 900 3532 pledge.
967 3480 1041 3532 15.
1065 3468 1252 3526 Balbo,
1271 3469 1393 3517 Cae·
1447 3469 1758 3517 accuslomed
1788 3470 2038 3517 kindness.
2136 3469 2212 3518 28.
2252 3467 2472 3527 Milone,

362 3551 484 3599 sar's
518 3557 671 3614 agent
706 3559 755 3598 at
798 3549 1394 3609 Rome.—accuratiu8‚
1448 3551 1533 3599 the
1559 3553 1813 3601 murderer
1838 3553 1896 3600 of
1913 3553 2135 3600 Clodius.
2211 3565 2286 3612 29.
2327 3563 2473 3602 more

361 3634 628 3682 somewhat
647 3635 910 3697 earnestly.
985 3633 1058 3682 18.
1084 3633 1291 3698 delega,
1313 3635 1394 3682 in·-
1446 3634 1703 3692 Romano,
1728 3634 1806 3682 i.e.
1836 3635 1955 3683 with
1985 3635 2186 3682 Roman
2213 3634 2474 3682 bluntness

359 3723 505 3764 trust.
607 3729 683 3764 21.
726 3715 991 3774 divinum,
1019 3717 1388 3779 providential.
1446 3717 1545 3765 and
1562 3715 2087 3781 sincerity.—inepti,
2102 3717 2313 3765 without
2323 3733 2470 3765 sense.

2526 924 2581 957 10

2527 1482 2579 1528 15

2519 3168 2578 3214 30
