2950 4150
875 237 924 284 A
970 235 1241 283 LETrER
1285 233 1375 283 OF
1419 233 1905 283 CONDOLENCE.
2360 236 2439 301 73

340 431 501 495 pore
555 420 653 473 tot
705 409 829 472 viri
882 408 1229 472 clarissimi
1278 407 1687 483 interierunt,
1745 407 1830 470 de
1878 406 2159 490 irnperio
2210 407 2446 489 populi

345 526 632 587 Romani
690 531 876 585 tanta
936 519 1303 583 deminutio
1356 520 1540 583 facta
1593 531 1714 595 est,
1771 527 2003 583 omnes
2065 519 2444 602 provinciae
2491 540 2548 587 55

342 641 825 718 conquassatae
894 643 1084 710 sunt;
1163 633 1231 695 in
1297 639 1490 695 Unius
1552 632 1977 695 mulierculae
2039 632 2330 695 animula
2391 643 2447 695 si

341 748 595 811 iactura
648 747 829 809 facta
882 755 1000 821 est,
1055 753 1245 808 tanto
1297 764 1499 825 opere
1554 744 2035 808 commoveris?
2148 744 2340 826 Quae
2392 755 2448 808 si

344 861 468 922 hoc
515 869 816 939 ternpore
855 866 989 920 non
1032 857 1208 920 diem
1252 877 1444 920 suurn
1485 857 1749 934 obisset,
1791 867 2021 940 paucis
2060 867 2212 940 post
2254 868 2447 920 annis

344 983 568 1035 tamen
617 981 679 1033 ei
724 970 1138 1033 moriendum
1185 969 1330 1044 fuit,
1380 969 1695 1051 quoniam
1750 971 1949 1032 horno
2002 977 2159 1032 nata
2208 971 2442 1033 fuerat.

348 1085 569 1146 Etiam
603 1090 673 1145 tu
707 1083 792 1145 ab
836 1084 1018 1145 hisce
1061 1082 1260 1144 rebus
1303 1081 1599 1144 animum
1639 1103 1716 1145 ac
1752 1083 2223 1163 cogitationem
2264 1092 2449 1145 tuam

346 1203 551 1259 avoca
597 1204 795 1277 atque
839 1215 918 1258 ea
962 1194 1181 1276 potius
1226 1193 1649 1257 reminiscere
1692 1214 1863 1276 quae
1907 1195 2109 1276 digna
2150 1203 2265 1258 tua
2309 1215 2451 1278 per-

349 1316 511 1371 sona
560 1316 751 1370 sunt:
800 1307 980 1369 illam
1029 1327 1229 1389 quam
1277 1306 1389 1369 diu
1436 1317 1499 1369 ei
1538 1327 1707 1388 opus
1750 1307 1951 1370 fuerit
1991 1307 2267 1385 vixisse3
2319 1316 2450 1370 [ina

349 1441 499 1484 cum
535 1427 603 1482 re
636 1419 901 1501 publica
936 1418 1142 1481 fuisse
1161 1440 1175 1495 ;
1224 1426 1309 1494 te,
1345 1428 1604 1501 patrem
1638 1439 1850 1495 suum,
1887 1429 2275 1501 praetorem,
2304 1429 2452 1483 con-

351 1533 581 1607 sulem,
628 1551 950 1612 augurem
992 1530 1274 1608 vidisse3
1331 1531 1869 1595 adulescentibus
1918 1533 2242 1614 primariis
2289 1541 2453 1615 nfip-

349 1656 484 1708 tam
517 1643 755 1721 fuisse;
805 1643 1111 1707 omnibus
1144 1644 1334 1706 bonis
1370 1664 1580 1725 prope
1613 1645 2036 1726 perfunctam
2070 1664 2217 1707 esse
2237 1665 2251 1720 ;
2302 1665 2449 1707 cum

349 1765 454 1819 res
506 1756 772 1838 pfiblica
821 1756 1169 1831 occideret,
1219 1763 1354 1818 vita
1407 1755 1788 1818 excessisse.
1887 1756 2066 1838 Quid
2118 1767 2219 1819 est
2273 1757 2450 1838 quod

350 1878 420 1932 tu
485 1878 601 1931 aut
662 1868 772 1931 illa
832 1888 983 1931 cum
1044 1868 1314 1931 fortuna
1377 1869 1503 1931 hoc
1566 1868 1833 1931 nomine
1894 1878 2082 1950 queri
2142 1869 2452 1949 possitis?

355 1980 664 2062 Denique
719 1980 855 2042 noli
907 1987 974 2042 te
1028 1979 1325 2042 oblivisci
1375 1980 1766 2044 Ciceronem
1817 2000 1964 2043 esse
2019 1990 2085 2044 et
2139 2000 2292 2043 eum
2342 1991 2454 2063 qui

350 2094 496 2157 aliis
538 2093 876 2156 consueris
920 2092 1304 2174 praecipere
1347 2102 1415 2155 et
1456 2093 1614 2156 dare
1659 2093 2023 2169 consilium,
2058 2114 2276 2176 neque
2318 2094 2455 2157 imi-

348 2214 477 2269 tari
528 2206 737 2268 malos
792 2205 1102 2281 medic6S,
1166 2215 1280 2287 qui
1339 2205 1406 2267 in
1461 2205 1692 2268 alienis
1754 2206 2000 2269 morbis
2061 2207 2455 2288 profitentur

350 2325 578 2381 tenere
624 2325 696 2380 se
742 2317 1108 2381 medicinae
1157 2317 1523 2393 scientiam,
1568 2318 1699 2399 ipsi
1735 2326 1807 2380 se
1853 2325 2084 2380 curare
2131 2326 2264 2380 non
2308 2338 2455 2400 pos-

353 2440 543 2507 sunt;
602 2429 721 2492 sed
777 2430 1014 2511 potiuS‚
1064 2450 1235 2512 quae
1290 2429 1434 2492 aliis
1489 2436 1631 2492 tfite
1688 2430 2071 2512 praecipere
2126 2429 2317 2505 soles
2374 2450 2454 2492 ea

352 2553 495 2608 tute
539 2543 659 2607 tibi
706 2544 930 2607 subice
979 2552 1178 2624 atque
1225 2542 1406 2623 apud
1454 2542 1749 2605 animum
1795 2550 2111 2624 propone.
2210 2542 2453 2620 Nullus

352 2657 541 2719 dolor
586 2666 690 2719 est
743 2675 943 2738 quem
998 2663 1132 2717 non
1185 2654 1640 2736 longinquitas
1695 2654 2014 2735 temporis
2070 2654 2323 2717 minuat
2375 2675 2452 2718 ac

353 2768 622 2831 molliat.
720 2769 871 2831 Hoc
919 2774 984 2829 te
1037 2773 1426 2848 exspectare
1481 2776 1748 2848 tempus
1800 2765 1922 2829 tibi
1972 2775 2167 2848 turpe
2220 2776 2323 2829 est
2375 2787 2453 2830 ac

352 2889 486 2943 non
521 2890 583 2943 ei
612 2890 708 2943 rei
737 2878 1064 2962 sapientia
1093 2885 1207 2941 tua
1238 2886 1306 2941 te
1330 2898 1694 2942 occurrere.
1792 2878 1991 2960 Quod
2025 2888 2080 2940 si
2110 2888 2225 2960 qui
2254 2878 2453 2941 etiam

351 2993 585 3054 inferis
619 2999 854 3054 sensus
887 3000 1006 3066 est,
1042 2999 1155 3072 qui
1184 2989 1357 3053 illius
1397 2990 1464 3053 in
1503 2998 1570 3054 te
1615 3010 1800 3053 amor
1837 2989 1966 3052 fuit
2008 2989 2353 3073 pietasque
2385 2991 2453 3054 in

354 3185 581 3248 recently.
684 3184 762 3249 56.
814 3183 1220 3247 conquassatae,
1266 3199 1377 3232 con·
1431 3183 1533 3232 and
1570 3182 1862 3240 Dolabella;
1907 3182 1972 3230 all
2007 3198 2136 3230 were
2170 3182 2454 3246 patriciam.

352 3268 538 3317 vulsed.
562 3266 710 3316 —in
745 3303 757 3316 .
800 3303 811 3314 .
855 3302 867 3315 .
909 3268 1008 3324 est,
1048 3267 1106 3331 is
1128 3267 1205 3313 the
1235 3267 1385 3332 frail
1431 3265 1510 3329 67.
1547 3265 1644 3317 hoc
1675 3263 1907 3323 nomine,
1939 3281 2003 3313 on
2034 3266 2133 3313 this
2159 3281 2305 3313 scere.
2374 3265 2454 3326 69.

353 3351 442 3416 lise
487 3352 549 3417 of
579 3368 671 3399 one
715 3351 840 3398 little
883 3365 1084 3397 woman
1128 3349 1220 3396 lzas
1263 3349 1378 3396 been
1431 3347 1720 3405 consueris,
1740 3367 1788 3391 =
1806 3349 2135 3396 consueveris.
2151 3375 2215 3383 —
2231 3346 2454 3406 imitari,

354 3435 453 3481 lost.
519 3433 595 3497 58.
623 3431 770 3484 diem
792 3443 965 3489 suum,
985 3451 1033 3474 =
1052 3431 1182 3478 diem
1206 3437 1378 3493 supre-
1432 3430 1724 3478 coordinate
1759 3429 1879 3477 with
1914 3430 2149 3478 oblivisci.
2239 3443 2315 3494 73.
2349 3428 2456 3480 tibi

355 3532 514 3573 mum,
550 3522 771 3564 mortem.
848 3527 925 3578 59.
968 3514 1142 3571 homo,
1175 3513 1376 3561 morial.
1431 3511 1628 3571 subice,
1645 3513 1764 3577 give
1771 3527 1910 3575 your
1927 3513 2172 3560 attention
2189 3519 2249 3561 to.
2301 3513 2378 3575 76.
2403 3511 2456 3562 ei

355 3598 434 3646 61.
466 3609 711 3661 persona,
741 3598 1016 3645 character.
1087 3596 1166 3656 64.
1197 3595 1379 3645 adule—
1430 3594 1511 3644 rei
1540 3631 1551 3643 .
1588 3630 1600 3643 .
1637 3630 1649 3642 .
1686 3606 1969 3652 occurrere,
1992 3601 2038 3642 to
2060 3595 2228 3643 hasten
2253 3595 2353 3643 this
2378 3610 2455 3642 re·

354 3679 646 3742 scentibus,
699 3680 829 3741 Piso,
884 3679 1058 3728 Furius
1112 3678 1379 3746 Crassipes,
1430 3677 1543 3726 sult.
1622 3689 1698 3744 77.
1733 3675 1829 3746 qui
1863 3712 1875 3725 .
1921 3711 1934 3725 .
1972 3712 1985 3726 .
2026 3674 2151 3738 fuit,
2185 3677 2303 3727 such
2337 3693 2456 3727 was.

2500 2231 2560 2274 70

2500 2787 2558 2834 75
