2950 4150
433 786 488 818 10

432 1338 487 1385 15

538 252 622 318 70
1037 246 1686 298 coRREsPoNDENcE
1729 246 1820 298 oF
1864 246 2136 298 CICERO.

533 433 677 486 tum
710 430 817 485 me
848 429 1033 485 amas
1063 422 1261 485 velim
1293 422 1564 504 cogites,
1663 422 1991 506 Equidem
2023 442 2242 506 neque
2275 422 2359 486 de
2390 442 2639 504 genere

535 535 1110 618 dubito—placet
1143 535 1321 598 enim
1361 535 1523 598 mihi
1556 535 1776 600 Cluati
1802 574 1906 612 —‚
1942 556 2161 619 neque
2193 536 2278 599 de
2318 543 2496 598 re—
2516 545 2642 598 sta-

532 656 753 711 tatum
784 658 887 712 est
917 647 1095 712 enim
1119 686 1224 725 —,
1251 648 1337 711 de
1368 647 1514 711 loco
1544 656 1678 711 non
1711 668 2095 731 numquam.
2187 647 2409 713 Velim
2441 648 2642 730 igitur

533 760 803 842 cogites,
900 762 1067 842 EgO,
1096 770 1419 844 quantum
1452 762 1557 823 his
1587 761 1999 843 temporibus
2030 771 2167 824 tam
2201 761 2475 824 eruditis
2499 762 2643 824 fieri

537 873 795 955 poterit,
848 873 1152 955 profecto
1200 872 1380 935 illam
1430 873 1839 936 consecrabo
1888 883 2070 936 omni
2119 892 2368 954 genere
2412 894 2640 936 monu-

535 993 908 1048 mentorum
940 985 1024 1048 ab
1058 984 1353 1048 omnium
1388 985 1673 1067 ingeniis
1707 993 2101 1067 scriptorum
2133 995 2200 1048 et
2234 986 2637 1049 Graecorum

534 1107 602 1160 et
652 1098 1059 1173 Latinorum,
1111 1117 1282 1180 quae
1329 1106 1436 1161 res
1483 1098 1763 1161 forsitan
1819 1099 1905 1160 sit
1957 1097 2349 1161 refricatara
2396 1097 2639 1160 vulnus

535 1229 777 1273 meum.
902 1209 1036 1274 Sed
1082 1210 1215 1273 iam
1263 1210 1453 1293 quasi
1498 1218 1656 1273 voto
1702 1209 1990 1293 quodam
2037 1219 2105 1272 et
2159 1209 2488 1292 promisso
2533 1218 2639 1272 me

533 1330 749 1385 teneri
810 1331 990 1405 puto,
1055 1323 1463 1405 longumque
1533 1323 1694 1386 illud
1762 1333 2031 1405 tempus
2100 1343 2254 1386 cum
2321 1331 2456 1385 non
2526 1332 2641 1385 ero

537 1435 751 1517 magis
784 1443 889 1497 me
930 1445 1154 1498 movet
1197 1455 1397 1518 quam
1441 1437 1566 1499 hoc
1612 1434 1943 1517 exiguum,
1986 1435 2162 1517 quod
2210 1434 2373 1497 mihi
2412 1444 2638 1498 tamen

534 1547 811 1610 nimium
859 1548 1133 1629 longum
1179 1547 1456 1619 videtur.
1573 1547 1817 1610 Habeo
1861 1547 2041 1610 enim
2086 1547 2252 1610 nihil
2296 1555 2638 1629 temptatis

535 1659 733 1722 rebus
787 1659 1097 1723 omnibus
1149 1659 1217 1722 in
1272 1668 1406 1742 quo
1457 1659 1900 1742 adquiescam.
2019 1660 2197 1722 Nam
2257 1659 2416 1722 dum
2477 1659 2639 1722 illud

534 1772 902 1835 tractabam
963 1772 1048 1835 de
1108 1780 1240 1855 quo
1300 1773 1385 1834 ad
1441 1780 1509 1834 te
1561 1781 1716 1835 ante
1773 1780 2026 1854 scripsi,
2084 1771 2275 1854 quasi
2327 1771 2638 1834 fovebam

535 1884 798 1947 dolores
831 1893 1016 1947 meos
1037 1905 1052 1961 ;
1100 1904 1279 1947 nunc
1312 1883 1538 1947 omnia
1569 1891 1828 1966 respuo,
1864 1904 1988 1947 nec
2032 1872 2387 1966 quicquam
2426 1884 2642 1946 habeo

535 1995 945 2059 tolerabilius
991 2017 1189 2079 quarn
1247 1996 1691 2071 solitfidinem,
1741 2015 1962 2078 quam,
2014 1996 2190 2079 quod
2245 2015 2424 2058 eram
2480 1995 2642 2057 veri-

535 2118 663 2185 tuS,
712 2117 845 2172 non
893 2108 1270 2172 obturbavit
1324 2109 1689 2191 Philippus,
1788 2111 1965 2171 Nam
2013 2118 2085 2172 ut
2132 2110 2275 2172 heri
2320 2116 2426 2170 me
2473 2108 2641 2171 salii-

534 2220 717 2298 tavit,
752 2221 974 2284 statim
1010 2212 1295 2283 Romam
1328 2222 1672 2304 profectus
1703 2231 1822 2284 est.

679 2473 967 2537 XXXV.
1061 2472 1130 2535 A
1194 2472 1575 2536 LETTER
1640 2472 1767 2538 OF
1830 2472 2495 2537 CONDOLENCE

1365 2584 1581 2669 (Fam.
1617 2603 1676 2663 4.
1717 2582 1799 2669 5).

1251 2749 1505 2801 Servius
1538 2749 1821 2800 σίοοτόῃῑ
1852 2748 1915 2799 S.

623 2897 860 2961 Postea
902 2917 1102 2979 quam
1146 2897 1308 2960 mihi
1353 2896 1807 2960 renuntiatum
1853 2905 1955 2959 est
1998 2896 2083 2958 de
2124 2895 2308 2959 obita
2354 2895 2637 2972 Tulliae,

533 3010 713 3073 filiae
744 3019 918 3085 tuae,
954 3017 1116 3072 sane
1147 3030 1344 3092 quam
1382 3018 1503 3092 pro
1534 3018 1614 3073 e6
1652 3029 1728 3072 ac
1764 3009 1965 3072 debui·
2004 3007 2296 3090 graviter
2339 3007 2640 3084 moleste·

533 3141 663 3203 que
723 3121 862 3196 tuli,
921 3128 1475 3204 communemque
1538 3141 1686 3184 eam
1748 3119 2193 3184 calamitatem
2248 3119 2638 3196 existimavi,

537 3299 580 3351 7.
618 3298 826 3351 genere,
850 3286 1035 3350 destgm,
1060 3287 1210 3350 plan.
1278 3286 1326 3336 8.
1361 3285 1561 3344 Cluati,
1620 3284 1988 3350 (Consolati0);
2054 3285 2093 3334 it
2148 3301 2251 3334 was
2306 3300 2457 3333 never
2513 3285 2640 3348 pub·

534 3385 600 3418 an
656 3369 912 3418 architect.
1018 3382 1092 3425 11.
1149 3368 1321 3427 illam,
1376 3369 1558 3417 Tullia.
1613 3369 1790 3418 lished.
1867 3382 1943 3416 20.
1980 3380 2187 3431 respuo,
2224 3367 2523 3431 relinquish.

541 3465 613 3514 13.
656 3450 733 3502 sit
759 3488 772 3502 .
801 3488 813 3501 .
844 3488 856 3500 .
887 3464 1081 3510 meum,
1123 3453 1168 3500 is
1205 3452 1361 3515 likely
1398 3458 1444 3499 to
1485 3469 1562 3500 re·
1702 3451 1916 3500 XXXV.
1975 3451 2190 3498 Written
2235 3449 2286 3498 in
2335 3449 2530 3508 March,
2576 3461 2639 3514 45

535 3542 657 3598 open
686 3551 769 3598 my
794 3536 993 3583 wound.
1070 3535 1142 3584 18.
1180 3534 1344 3585 illud:
1385 3534 1561 3582 Cicero
1615 3546 1727 3591 B.C.,
1762 3534 1827 3595 by
1863 3532 2061 3581 Servius
2097 3532 2359 3596 Sulpicius,
2396 3533 2481 3581 the
2520 3548 2641 3595 gov-

535 3616 638 3665 had
688 3617 855 3679 begun
907 3624 959 3666 to
1006 3618 1142 3665 write
1194 3617 1269 3665 for
1322 3616 1398 3665 his
1449 3632 1562 3663 own
1616 3632 1761 3664 ernor
1802 3615 1860 3663 of
1893 3616 2102 3663 Achaia.
2195 3629 2241 3665 2.
2281 3627 2414 3665 sane
2460 3628 2640 3679 quam,

536 3699 701 3748 solace
732 3715 761 3747 a
792 3700 990 3748 treatise
1021 3700 1082 3747 de
1114 3700 1253 3748 luctu
1282 3699 1563 3748 minuendo
1615 3698 1941 3762 exceedingly.
1978 3724 2041 3733 —
2075 3709 2172 3761 pro
2222 3710 2285 3749 eo
2334 3711 2415 3761 ac,
2468 3718 2517 3740 =
2565 3704 2635 3746 ut.
