2950 4150
380 897 432 942 Ῑ5

479 259 566 322 94
982 249 1633 299 CORRESPONDENCE
1677 250 1767 299 OF
1810 250 2079 300 CICERO.

480 425 703 488 animo
755 431 821 486 te
875 422 1135 499 fecisse,
1187 422 1305 485 sed
1357 431 1584 485 tamen
1646 443 1864 506 neque
1925 425 2348 506 agnoscimus
2410 427 2587 509 quic-

481 557 677 620 quam
727 544 954 599 eorum
1002 544 1068 598 et
1113 542 1179 597 te
1226 542 1557 611 miramur,
1608 556 1755 598 cum
1815 537 1981 600 haec
2038 537 2398 614 reticueris,
2448 547 2585 601 non

482 648 778 731 potuisse
809 647 1153 711 continere
1183 647 1592 710 iracundiam
1624 657 1809 711 tuam
1842 658 2001 731 quin
2035 649 2224 712 nobis
2257 650 2340 712 de
2372 660 2585 714 morte

483 760 786 826 Caesaris
834 759 1146 823 obiceres,
1245 759 1416 821 Illud
1461 767 1622 822 vero
1666 781 1863 842 quem
1912 761 1996 823 ad
2047 762 2317 824 modum
2364 764 2587 825 ferun-

481 874 638 936 dum
695 872 779 935 sit
831 880 972 934 tfite
1028 872 1265 952 cogita,
1306 880 1440 934 non
1490 872 1685 934 licere
1732 857 2146 954 praetoribus
2193 874 2587 938 concordiae

482 1007 558 1048 ac
608 984 928 1048 libertatis
978 991 1178 1046 causa
1228 1003 1348 1065 per
1397 984 1688 1047 edictum
1740 985 1823 1047 de
1877 993 1998 1047 suo
2046 985 2185 1048 iure
2241 986 2583 1062 decedere,

483 1107 640 1180 quin
689 1096 920 1160 consul
968 1116 1152 1158 arma
1199 1096 1501 1158 minetur.
1630 1097 1930 1178 Quorum
1977 1098 2227 1160 fiducia
2273 1098 2437 1160 nihil
2484 1108 2588 1162 est

484 1210 661 1292 quod
694 1216 815 1271 nos
847 1216 1115 1270 terreas,
1215 1209 1452 1290 Neque
1479 1208 1655 1270 enim
1683 1209 1875 1272 decet
1906 1219 2020 1272 aut
2052 1210 2364 1272 convenit
2395 1210 2587 1273 nobis

485 1322 777 1403 periculo
817 1321 932 1383 filli
968 1320 1354 1383 submittere
1398 1320 1692 1383 animum
1736 1330 2035 1384 nostrum
2068 1342 2285 1404 neque
2318 1332 2418 1385 est
2449 1323 2589 1384 An-

484 1434 666 1497 tonio
715 1432 1189 1515 postulandum
1243 1442 1316 1496 ut
1364 1433 1443 1495 iis
1499 1433 1781 1514 imperet
1831 1441 2110 1515 quorum
2166 1443 2369 1515 opera
2423 1435 2591 1497 liber

485 1556 602 1609 est.
701 1546 843 1608 Nos
887 1555 943 1607 si
984 1544 1112 1607 alia
1155 1546 1578 1608 hortarentur
1617 1558 1690 1608 ut
1735 1545 1981 1608 bellum
2030 1546 2219 1608 civile
2268 1546 2589 1609 suscitare

387 1662 398 1673 ⁰
484 1658 824 1733 vellemuS,
880 1657 1137 1720 litterae
1191 1666 1346 1720 tuae
1400 1657 1564 1719 nihil
1618 1658 2033 1739 proficerent.
2149 1658 2354 1720 Nfilla
2408 1659 2588 1720 enim

383 2019 439 2066 25

383 2594 443 2638 30

384 3152 441 3199 35

488 1770 801 1834 minantis
843 1770 1199 1833 auctoritas
1239 1770 1420 1852 apud
1466 1769 1710 1833 liberos
1756 1779 1874 1832 est.
1992 1771 2128 1834 Sed
2176 1771 2453 1851 pulchre
2500 1770 2593 1832 in-

486 1883 747 1964 tellegis
789 1891 924 1945 non
966 1902 1166 1964 posse
1208 1890 1331 1945 nos
1374 1890 1709 1965 quoquam
1753 1882 2020 1964 impelli,
2055 1891 2121 1945 et
2163 1882 2467 1945 fortassis
2511 1890 2593 1944 ea

487 2004 558 2058 re
607 1995 952 2057 minaciter
992 1994 1155 2076 agis,
1196 2004 1270 2057 ut
1312 1994 1623 2057 iudicium
1667 2004 1966 2057 nostrum
2009 2003 2226 2057 metus
2267 1994 2588 2057 videatur.

492 2110 634 2172 Nos
666 2108 733 2170 in
769 2109 892 2172 hac
927 2107 1257 2171 sententia
1300 2128 1528 2171 sumus
1571 2117 1645 2170 ut
1683 2115 1752 2170 te
1793 2108 2139 2189 cupiamus
2182 2107 2249 2169 in
2281 2108 2487 2170 libera
2519 2115 2593 2169 re

488 2221 753 2304 publica
801 2228 1118 2302 magnum
1164 2230 1361 2303 atque
1408 2221 1764 2284 honestum
1817 2240 1984 2296 esse,
2032 2228 2347 2284 vocemus
2393 2227 2459 2282 te
2506 2221 2594 2282 ad

488 2334 704 2398 nullas
748 2333 1141 2410 inimicitiaS,
1187 2334 1306 2396 sed
1348 2342 1573 2396 tamen
1622 2333 1829 2414 plfiris
1875 2342 2170 2396 nostram
2218 2332 2592 2395 libertatem

489 2468 688 2530 quam
749 2456 933 2510 tuam
996 2446 1349 2510 amicitiam
1412 2446 1853 2509 aestimemus.
1976 2445 2081 2506 Tfi
2136 2444 2337 2508 etiam
2390 2453 2594 2527 atque

489 2559 688 2622 etiam
734 2559 885 2621 vide
931 2558 1089 2641 quid
1136 2558 1479 2640 suscipiaS,
1528 2557 1684 2640 quid
1735 2557 2060 2621 sustinere
2108 2567 2325 2639 possis
2372 2576 2632 2641 neque·

489 2693 689 2755 quam
722 2671 832 2733 disi
865 2672 1099 2735 vixerit
1132 2674 1398 2747 Caesar,
1435 2671 1554 2733 sed
1587 2691 1788 2753 quarn
1820 2678 1953 2733 non
1990 2670 2101 2732 dit-1
2146 2669 2441 2750 regnarit
2482 2670 2595 2732 fac

489 2784 760 2866 cogites
887 2786 1069 2847 Deos
1131 2804 1552 2866 quaesumuS,
1618 2782 1894 2846 consilia
1953 2792 2068 2845 tua
2128 2792 2225 2844 rei
2284 2781 2594 2863 publicae

490 2896 805 2959 salutaria
844 2896 977 2958 sint
1017 2916 1094 2958 ac
1136 2896 1291 2972 tibi;
1342 2905 1398 2958 si
1439 2895 1675 2971 minuS,
1721 2904 1795 2957 ut
1838 2894 2020 2957 salva
2069 2890 2269 2976 atque
2313 2895 2595 2956 honesta

489 3016 559 3071 re
608 3008 872 3089 publica
913 3007 1032 3070 tibi
1069 3028 1270 3089 quarn
1312 3007 1659 3070 minimum
1706 3015 1991 3069 noceant
2038 3013 2366 3088 optamus,
2464 3006 2596 3067 Pri-

489 3120 595 3183 die
631 3120 803 3183 Non.
843 3121 1019 3184 Sext.

489 3289 770 3337 Dolabella.
843 3289 954 3338 The
995 3273 1166 3353 sequel
1207 3288 1515 3352 abundantly
1569 3289 1707 3347 dere,
1741 3296 1788 3336 to
1822 3289 2106 3352 relinquislz
2146 3288 2282 3336 their
2313 3287 2588 3349 authority.

452 3378 456 3380 ‘
488 3371 852 3420 substantiated
892 3371 990 3420 this
1029 3378 1210 3435 report,
1248 3372 1346 3419 and
1387 3371 1515 3419 their
1571 3385 1647 3419 20.
1688 3382 1866 3435 opera,
1899 3371 1979 3421 i.e.
2020 3371 2073 3418 in
2113 3371 2199 3419 the
2241 3369 2595 3418 assassination

489 3460 693 3517 present
743 3454 909 3503 denial
963 3453 1147 3518 (neque
1202 3454 1517 3518 agnoscimus
1569 3454 1626 3502 of
1660 3454 1857 3503 Caesar.
1951 3467 2027 3516 23.
2064 3453 2302 3517 pulchre,
2328 3453 2590 3518 perfictly.

490 3537 761 3599 quicquam
803 3536 1003 3600 eorum)
1046 3543 1176 3585 must
1217 3537 1344 3585 have
1384 3536 1516 3584 been
1570 3548 1648 3601 25.
1728 3535 2002 3595 iudicium,
2082 3536 2312 3593 decision,
2393 3536 2597 3583 resolve.

491 3618 752 3668 insincere.
870 3632 942 3667 11.
1007 3618 1370 3683 agnoscimus,
1435 3636 1516 3667 ac·
1572 3631 1648 3682 27.
1683 3631 1948 3676 vocemus,
1982 3619 2265 3683 challenge‚·
2304 3617 2471 3665 notice
2508 3617 2599 3666 the
2695 3605 2706 3612 ’

488 3700 783 3765 knowledge,
821 3717 948 3749 own.
1035 3701 1109 3750 16.
1148 3701 1213 3751 de
1237 3736 1248 3749 .
1282 3736 1293 3750 .
1325 3735 1339 3750 .
1368 3701 1516 3751 dece·
1571 3703 1865 3764 asyndeton.
