2950 4150
836 251 986 300 THE
1032 252 1338 302 MURDER
1383 253 1470 303 OF
1519 253 1958 304 MARCELLUS.
2368 245 2445 306 81

347 424 488 487 eius
520 424 666 501 diei,
701 445 854 488 cum
897 425 981 487 ab
1024 426 1312 489 Athenis
1355 428 1685 509 proficisci
1730 427 1796 489 in
1844 427 2067 491 animo
2112 428 2446 504 haberem,

347 537 606 600 circiter
638 538 800 600 hora
834 538 1092 601 decima
1123 539 1339 602 noctis
1374 539 1438 601 P.
1480 540 1875 615 PostumiuS,
1910 540 2255 602 familiaris
2287 540 2445 617 eius,

348 649 433 712 ἃᾶ
465 657 572 711 me
603 649 784 712 venit
826 659 891 712 et
934 650 1096 712 mih-i
1133 651 1463 729 nuntiavit
1510 653 1602 714 M.
1652 652 2065 728 Marcellum,
2100 652 2448 734 conlegam

347 771 665 837 nostrum,
696 772 849 844 post
881 770 1087 826 cenae
1119 773 1389 844 tempus
1421 784 1459 826 a
1496 765 1561 826 P.
1594 764 1827 845 Magio
1860 764 2110 840 Cilone,
2129 765 2451 828 familiari

348 874 507 950 eius,
544 874 836 956 pugione
870 895 1261 956 percussum
1304 896 1452 939 esse
1497 886 1565 939 et
1606 876 1738 939 duo
1769 877 2047 950 vulnera
2087 876 2444 958 accepisse,

348 994 552 1048 finum
585 987 651 1049 in
687 988 1048 1063 stomacho,
1085 988 1367 1051 alterum
1400 988 1467 1050 in
1507 988 1726 1072 capite
1769 976 2137 1052 secundum
2180 969 2444 1066 aurem;

347 1106 617 1180 sperare
670 1108 896 1162 tamen
949 1121 1101 1163 eum
1155 1110 1379 1163 vivere
1433 1121 1672 1183 posse;
1737 1101 2040 1182 Magium
2102 1109 2175 1164 se
2227 1101 2447 1184 ipsum

345 1210 760 1275 interfecisse
803 1219 1073 1293 postea;
1125 1220 1196 1275 se
1237 1220 1276 1275 Ξι
1322 1213 1644 1276 Marcello
1690 1213 1775 1276 ἃᾶ
1821 1221 1928 1276 me
1974 1214 2249 1277 missum
2300 1234 2447 1277 esse

346 1334 460 1405 qui
501 1325 666 1387 haec
710 1325 1046 1387 nuntiaret
1087 1334 1154 1387 et
1196 1333 1464 1406 rogaret
1509 1335 1607 1388 uti
1641 1325 1942 1397 ‚medicos
1989 1336 2052 1389 ei
2095 1326 2442 1389 mitterem.

349 1436 584 1518 Itaque
644 1437 933 1500 medicos
988 1445 1179 1518 coegi
1230 1447 1298 1500 et
1351 1445 1387 1499 e
1432 1438 1719 1519 vestigio
1771 1446 1853 1501 eo
1906 1459 2053 1501 sum
2102 1439 2446 1521 profectus

347 1555 558 1630 prima
606 1550 771 1611 luce.
869 1551 1040 1614 Cum
1094 1558 1226 1612 ηὸτι
1282 1551 1481 1631 longe
1534 1558 1573 1612 a
1628 1552 1860 1613 Piraeo
1906 1551 2230 1627 abessem,
2281 1572 2448 1633 puer

345 1661 617 1723 Acidini
648 1661 907 1724 obviam
943 1662 1108 1723 mihi
1138 1662 1322 1725 venit
1354 1683 1500 1725 cum
1545 1662 1877 1738 codicillis
1913 1662 1980 1724 in
2024 1663 2263 1744 quibus
2305 1672 2448 1725 erat

346 1783 666 1854 scriptum
695 1774 894 1855 paulo
920 1783 1075 1836 ante
1100 1775 1319 1837 lucem
1348 1775 1744 1837 Marcellum
1769 1775 1945 1837 diem
1979 1795 2172 1837 suurn
2206 1775 2441 1838 obisse.

348 1886 452 1947 Ita
505 1885 604 1947 vir
658 1885 1064 1948 clarissimus
1127 1886 1211 1948 ab
1274 1886 1542 1950 homine
1603 1887 1960 1950 deterrimo
2020 1887 2446 1950 acerbissima

344 2007 555 2061 morte
610 2008 713 2061 est
766 1999 1091 2075 adfectuS,
1142 2007 1209 2061 et
1263 1999 1368 2061 cui
1422 1999 1670 2062 inimici
1724 2010 1995 2082 propter
2049 1999 2444 2082 dignitatern

343 2122 801 2192 pepercerant,
837 2112 1147 2174 inventus
1180 2122 1282 2175 est
1315 2122 1565 2175 amicus
1600 2123 1710 2194 qui
1743 2122 1805 2175 ei
1835 2123 2117 2176 mortem
2149 2114 2440 2176 offerret.

347 2224 495 2305 Ego
527 2233 751 2286 tamen
784 2225 869 2286 ad
902 2225 1405 2287 tabernaculum
1445 2224 1586 2287 eius
1629 2232 1902 2305 perrexi.
2002 2225 2238 2287 Inveni
2278 2226 2445 2287 duos

342 2336 613 2398 libertos
645 2345 713 2399 et
743 2337 1064 2417 pauculos
1105 2345 1371 2413 serv6s3
1421 2336 1710 2418 reliquos
1754 2336 2020 2399 aiebant
2065 2337 2444 2419 profugisse

342 2456 522 2510 metii
573 2448 958 2529 perterritos
1007 2449 1182 2531 quod
1230 2449 1542 2511 dominus
1589 2457 1818 2511 eorum
1862 2458 2017 2511 ante
2060 2449 2445 2512 tabernacu-

341 2561 476 2622 lum
504 2547 904 2624 ‘interfectus
938 2571 1132 2624 esset.
1202 2560 1492 2650 Coactus
1526 2582 1671 2623 sum
1703 2560 1770 2623 in
1805 2561 2040 2652 eadem
2071 2561 2181 2624 illa
2212 2562 2444 2625 lectica

341 2680 471 2756 qua
501 2673 645 2756 ipse
679 2674 940 2736 delatus
971 2694 1151 2736 eram
1185 2684 1484 2756 meisque
1517 2674 1867 2737 lecticariis
1906 2674 1972 2736 in
2016 2674 2246 2736 urbem
2290 2695 2443 2737 eum

340 2870 426 2918 the
471 2886 646 2919 names
686 2870 745 2920 of
784 2877 943 2919 towns
983 2872 1084 2920 and
1130 2870 1188 2920 of
1226 2870 1369 2919 small
1422 2877 1543 2920 note.
1615 2882 1692 2934 25.
1717 2868 1954 2920 inimici:
1990 2870 2237 2919 Caesaris
2260 2877 2443 2920 meant.

339 2953 543 3002 islands.
635 2966 708 3002 12.
756 2952 969 3004 circiter
1004 2989 1016 3001 .
1061 2989 1072 3001 .
1120 2989 1130 3001 .
1176 2953 1367 3011 noctis,
1422 2966 1499 3017 27.
1535 2953 1736 3013 tamen,
1760 2954 1839 3002 i.e.
1871 2953 2113 3016 although
2138 2953 2177 3002 it
2201 2970 2300 3002 was
2332 2970 2446 3002 now

339 3036 424 3085 i.e.
462 3037 692 3085 between
731 3044 829 3085 two
867 3038 968 3086 and
1010 3037 1149 3085 three
1189 3037 1242 3084 in
1279 3037 1366 3084 the
1419 3043 1505 3084 too
1523 3035 1623 3084 late
1643 3042 1695 3084 to
1713 3036 1777 3084 be
1796 3035 1855 3084 of
1871 3037 2058 3084 service
2082 3043 2133 3084 to
2160 3037 2442 3085 Marcellus.

339 3119 586 3181 morning.
636 3139 651 3146 -
675 3132 749 3180 14.
784 3132 944 3170 cenae
981 3119 1230 3183 tempus:
1280 3119 1365 3167 the
1417 3146 1485 3154 —
1506 3119 1925 3177 tabernaculum,
1950 3126 2088 3175 tent‚·
2125 3119 2210 3167 the
2243 3120 2444 3168 Piraeus

340 3202 519 3250 dinner
543 3203 668 3250 hour
692 3209 743 3250 at
768 3204 929 3251 Rome
949 3218 1050 3251 was
1074 3202 1366 3267 apparently

339 3285 493 3332 about
516 3284 756 3348 half-past
782 3286 936 3333 three.
1018 3297 1092 3349 15.
1115 3284 1363 3349 pugione,

338 3367 532 3431 dagger.
607 3368 681 3416 16.
707 3368 1015 3426 secundum,
1026 3369 1145 3432 just
1164 3369 1357 3417 behind.

339 3462 416 3497 20.
452 3462 483 3499 e
516 3448 773 3514 vestigio,
807 3470 856 3493 =
886 3452 1072 3509 statim,
1106 3452 1356 3499 continuo.

340 3545 417 3580 22.
436 3531 669 3590 Acidini,
689 3533 932 3597 probably
951 3535 1036 3582 the
1059 3549 1230 3597 young
1247 3550 1363 3581 man

338 3616 629 3664 mentioned
658 3617 709 3664 in
742 3633 771 3664 a
803 3617 1034 3680 previous
1068 3617 1212 3665 letter
1246 3633 1300 3666 as
1336 3633 1365 3665 a

336 3699 541 3746 student
587 3705 639 3748 at
679 3700 890 3748 Athens.
914 3727 981 3735 —
1004 3698 1283 3758 codicillis,
1331 3716 1363 3747 a

667 3794 782 3830 coa.
819 3794 888 3830 oi·-
920 3782 1147 3831 c1c.—6

1418 3217 1518 3250 was
1553 3217 1666 3250 now
1700 3201 1753 3250 in
1788 3201 1939 3250 ruins.
2022 3214 2097 3263 29.
2141 3202 2292 3251 metu
2328 3238 2340 3251 .
2380 3238 2391 3249 .
2431 3239 2442 3250 .

1418 3284 1598 3334 esset:
1650 3284 1717 3347 by
1759 3285 1956 3332 Roman
1997 3284 2091 3332 law
2131 3284 2290 3332 slaves
2329 3285 2443 3332 who

1417 3383 1547 3415 were
1572 3373 1772 3431 present
1796 3374 1845 3416 at
1874 3368 1959 3415 the
1993 3369 2195 3416 murder
2230 3366 2288 3415 of
2316 3367 2444 3415 their

1417 3457 1601 3498 master
1645 3466 1774 3499 were
1830 3449 1981 3498 liable
2038 3456 2090 3498 to
2148 3450 2233 3498 the
2291 3450 2444 3498 death

1417 3534 1619 3597 penalty
1660 3549 1714 3581 as
1760 3547 2018 3595 accessory
2065 3539 2118 3581 to
2165 3533 2251 3580 the
2297 3534 2443 3581 deed.

1419 3628 1496 3678 31.
1531 3615 1776 3680 meisque
1811 3613 2120 3674 lecticariis,
2148 3616 2442 3663 instrumen-

1417 3698 1486 3747 tal
1532 3698 1665 3758 abl.;
1731 3699 1881 3762 using
1934 3714 2016 3759 my
2062 3714 2174 3745 own
2226 3697 2436 3746 hearers.

2500 897 2551 944 15

2491 2584 2550 2628 30
