2950 4150
403 796 456 826 10

393 3045 453 3089 30

504 271 589 333 34
1004 264 1653 315 CORRESPONDENCE
1696 265 1786 313 oF
1829 264 2098 314 c1cER0.

500 447 585 516 te’,
620 440 879 515 liber6S,
909 438 1211 520 patriam,
1246 438 1571 514 fortunas,
1605 438 1726 501 tibi
1755 438 1953 501 velim
1985 446 2071 500 ne
2102 438 2262 520 quid
2294 438 2609 520 eripuerit

502 562 768 635 praeter
816 560 1021 614 finum
1068 559 1192 613 me.
1288 551 1424 614 Sed
1470 558 1650 614 certe
1688 559 1726 613 a
1767 559 1833 613 te
1871 551 2034 613 mihi
2079 551 2304 613 omnia
2343 571 2609 633 semper

504 666 786 728 honesta
833 673 901 727 et
946 664 1236 727 iucunda
1287 665 1688 740 ceciderunt,
1737 671 1777 726 a
1824 672 1929 726 me
1974 663 2094 727 tibi
2145 664 2363 727 hictus
2418 683 2606 726 meae

501 777 916 851 calamitatiS,
974 786 1192 839 metus
1252 785 1427 852 tuae,
1486 776 1903 852 desiderium,
1961 796 2238 850 maeror,
2299 776 2601 838 solitudo.

505 890 654 970 Ego
699 897 766 951 te
809 888 1035 952 videre
1088 889 1456 951 noluerim?
1579 890 1795 951 Immo
1840 895 1998 951 vero
2051 896 2158 950 me
2203 895 2242 949 a
2288 895 2354 950 te
2399 888 2609 950 videri

503 1003 700 1064 nolui.
799 1003 952 1065 Non
987 1002 1161 1065 enim
1194 1003 1472 1066 vidisses
1506 1004 1779 1066 fratrem
1813 1011 2023 1077 tuum,
2050 1009 2181 1063 non
2220 1021 2371 1063 eum
2404 1021 2603 1081 quem

502 1115 882 1196 reliquerim,
925 1124 1057 1178 non
1106 1136 1257 1177 eum
1305 1136 1500 1198 quem
1551 1123 1765 1191 noraS,
1811 1123 1944 1177 non
1992 1134 2142 1176 eum
2192 1134 2390 1196 quem
2436 1114 2605 1175 fiens

503 1205 791 1302 flentem,
839 1236 1353 1310 prosequentem
1401 1229 1828 1309 proficiscens
1875 1228 2239 1300 dimiseras,
2285 1233 2370 1288 ne
2414 1236 2608 1288 vesti-

502 1339 681 1420 gium
712 1339 977 1420 quidem
1005 1340 1145 1402 eius
1171 1360 1294 1403 nec
1321 1340 1764 1415 simulacrum,
1795 1341 1912 1402 sed
1944 1340 2278 1421 quandam
2313 1328 2624 1419 effigiem'

504 1452 816 1532 spirantis
862 1462 1119 1514 mortui.
1215 1454 1442 1535 Atque
1486 1452 1737 1515 utinam
1783 1460 1889 1514 me
1932 1461 2262 1515 mortuum
2302 1451 2484 1531 prius
2514 1461 2602 1513 vi-

503 1563 715 1627 disses
762 1573 876 1626 aut
921 1565 1255 1627 audisses!
1350 1565 1630 1629 Utinam
1676 1572 1743 1627 te
1789 1572 1922 1627 non
1978 1564 2189 1626 solum
2237 1572 2434 1638 vitae,
2485 1563 2603 1625 sed

502 1676 700 1739 etiam
763 1676 1104 1757 dignitatis
1165 1697 1352 1739 meae
1415 1678 1841 1758 superstitem
1903 1675 2351 1758 reliquissem!
2468 1675 2603 1738 Sed

502 1797 710 1851 testor
741 1798 955 1852 omnis
989 1789 1149 1851 deos
1182 1796 1287 1851 me
1319 1790 1442 1852 hac
1478 1796 1609 1851 ima
1640 1797 1802 1851 voce
1835 1796 1873 1851 a
1904 1798 2116 1851 morte
2149 1809 2297 1852 esse
2340 1796 2602 1852 revoca-

503 1909 660 1976 tum,
696 1901 874 1982 quod
907 1909 1138 1963 omnes
1171 1901 1234 1962 in
1271 1909 1419 1963 mea
1449 1909 1587 1964 vita
1620 1912 1876 1983 partem
1916 1901 2204 1983 aliquam
2242 1912 2394 1964 tuae
2429 1910 2604 1964 vitae

503 2013 861 2094 repositam
908 2033 1055 2076 esse
1103 2014 1427 2078 dicebant.
1478 2005 1485 2012 ’
1526 2015 1678 2097 Qua
1723 2013 1792 2077 in
1834 2022 1905 2077 re
1948 2021 2221 2095 peccavi
2266 2014 2607 2077 scelerate-

503 2146 631 2208 que
665 2127 809 2189 feci.
908 2128 1084 2189 Nam
1119 2137 1174 2189 si
1204 2127 1614 2203 occidissem,
1650 2148 1828 2190 mors
1858 2127 2004 2208 ipsa
2038 2147 2254 2189 meam
2287 2127 2603 2208 pietatem

503 2246 928 2322 amoremque
976 2239 1041 2301 in
1086 2247 1151 2301 te
1189 2239 1387 2302 facile
1434 2240 1843 2302 defenderet.
1942 2241 2140 2302 Nunc
2187 2249 2487 2302 commisi
2533 2250 2606 2302 ut

504 2358 609 2413 me
653 2359 806 2413 νῑνὸ
854 2359 1133 2426 carereS,
1181 2360 1333 2414 νῑνό
1386 2360 1492 2414 ηιξ·
1545 2352 1689 2414 aliis
1743 2353 2097 2434 indigereS,
2156 2371 2303 2413 mea
2353 2359 2481 2414 vox
2533 2352 2601 2414 in

502 2463 883 2526 domesticis
937 2465 1247 2545 periculis
1300 2465 1718 2545 potissimum
1774 2464 2122 2539 occideret,
2172 2484 2343 2546 quae
2399 2484 2601 2545 saepe

502 2575 920 2639 alienissimis
967 2576 1297 2658 praesidio
1342 2577 1656 2640 fuisset?
1697 2579 1872 2641 Nam
1927 2577 2105 2659 quod
2160 2577 2243 2638 ad
2298 2583 2365 2638 te
2416 2586 2606 2656 pueri

502 2688 644 2750 sine
687 2688 921 2784 litteris
963 2696 1306 2765 venerunt,
1342 2690 1656 2772 quoniam
1697 2690 1885 2752 vides
1924 2697 2057 2751 non
2100 2688 2308 2752 fuisse
2349 2697 2603 2751 iracun-

501 2801 677 2863 diam
711 2821 1000 2877 causam‚
1035 2809 1215 2864 certe
1258 2802 1524 2882 pigritia
1565 2802 1693 2865 fuit
1734 2811 1800 2864 et
1842 2801 2169 2883 quaedam
2206 2802 2471 2863 infinita
2501 2809 2602 2863 vis

501 2913 920 2975 lacrimarum
953 2922 1020 2976 et
1053 2914 1369 2976 dolorum.
1468 2915 1661 2977 Haec
1694 2914 1841 2995 ipsa
1884 2921 1991 2975 me
2033 2922 2164 2995 quo
2205 2914 2360 2975 fietu
2406 2921 2604 2994 putas

501 3024 892 3105 scripsisse?
986 3025 1241 3088 Eodem
1289 3034 1420 3108 quo
1463 3034 1533 3089 te
1579 3008 1801 3108 legere
1849 3035 2030 3091 certo
2076 3027 2226 3090 scio.
2322 3028 2436 3090 An
2475 3047 2603 3109 ego

501 3156 775 3217 possum
819 3146 933 3199 aut
979 3145 1110 3199 non
1155 3138 1448 3218 cogitare
1496 3139 1854 3221 aliquando
1896 3140 1979 3201 de
2020 3147 2085 3202 te
2128 3149 2242 3201 aut
2285 3160 2601 3220 umquam

502 3247 643 3310 sine
683 3247 970 3311 lacrimis
1012 3249 1341 3330 cogitare?
1435 3251 1606 3314 Cum
1649 3251 1828 3314 enim
1868 3259 1934 3313 te
1973 3253 2292 3328 desidero,
2327 3253 2603 3315 fratrem

501 3360 713 3422 solum
775 3360 1121 3424 desidero?
1244 3363 1392 3443 Ego
1450 3370 1609 3425 vero
1671 3363 1996 3426 suavitate
2057 3365 2330 3427 fratrem
2393 3384 2604 3445 prope

502 3581 514 3593 .
557 3581 568 3593 .
612 3581 623 3593 .
665 3543 929 3605 fortuna&
961 3563 1028 3597 sc.
1059 3549 1266 3611 eripuit.
1341 3562 1415 3611 13.
1450 3562 1527 3600 re·
1579 3549 1653 3599 18.
1694 3549 2002 3615 dignitatis,
2028 3550 2113 3599 i.e.
2142 3551 2207 3613 by
2238 3551 2392 3614 dying
2422 3566 2606 3599 sooner

500 3626 754 3692 liqueras,
791 3630 873 3678 i.e.
913 3646 979 3679 on
1017 3631 1215 3693 leaving
1254 3633 1415 3681 Rome
1453 3632 1531 3681 for
1574 3634 1696 3683 than
1737 3634 1921 3682 submit
1967 3640 2020 3681 to
2069 3633 2311 3696 disgrace.
2398 3631 2474 3681 28.
2522 3632 2607 3697 pi-

501 3712 580 3761 his
603 3712 856 3777 province.
930 3726 1003 3777 14.
1037 3713 1355 3779 vestigium,
1379 3722 1529 3765 trace.
1575 3714 1761 3780 gritia,
1802 3703 2108 3780 supine'ness.
2196 3729 2274 3779 33.
2308 3714 2606 3776 suavitate,
