2950 4150
488 272 576 350 64
812 307 819 311 -
992 264 1643 332 CORRESPONDENCE
1686 282 1776 331 OF
1819 281 2089 331 CICERO.

492 464 687 520 mane
725 457 1089 518 salutamus
1128 456 1308 537 domi
1348 466 1413 518 et
1454 456 1668 518 bonos
1699 455 1875 518 viros
1916 456 2176 530 multos,
2214 456 2331 517 sed
2366 465 2590 532 tristiS,

491 579 558 632 et
612 570 733 631 hos
787 569 996 632 laetos
1049 568 1350 644 victores,
1409 578 1523 650 qui
1574 577 1680 631 me
1733 567 2001 650 quidem
2055 567 2467 649 perofficiose
2529 580 2589 631 et

491 690 915 765 peramanter
973 681 1346 744 observant.
1445 681 1583 743 Ubi
1643 680 1954 745 salutatio
2015 680 2304 756 defluxit,
2361 680 2594 745 litteris

491 801 597 856 me
644 794 946 872 involv6;
1010 802 1123 856 aut
1177 793 1392 856 scribo
1446 803 1561 856 aut
1613 794 1781 874 lego.
1874 792 2176 856 Veniunt
2228 794 2427 857 etiam
2483 807 2595 878 qui

386 929 444 971 30
491 914 597 968 me
650 906 928 969 audiunt
982 906 1173 988 quasi
1225 906 1497 968 doctum
1553 905 1908 981 hominem,
1966 905 2121 987 quia
2181 908 2383 988 paulo
2446 929 2592 971 sum

490 1039 691 1101 quam
741 1019 868 1100 ipsi
915 1018 1184 1081 doctior.
1280 1018 1447 1081 Inde
1499 1028 1759 1099 corpori
1806 1039 2003 1082 omne
2056 1029 2323 1102 tempus
2376 1021 2588 1084 datur.

493 1130 781 1193 Patriam
815 1130 988 1192 eliixi
1017 1130 1147 1192 iam
1181 1139 1247 1193 et
1279 1130 1546 1212 gravius
1579 1139 1646 1193 et
1677 1130 1924 1193 diutius
1963 1153 2159 1213 quam
2208 1134 2341 1196 filla
2382 1141 2594 1197 mater

492 1243 759 1306 unicum
813 1243 1043 1305 filium.
1144 1243 1279 1307 Sed
1333 1250 1511 1318 cura,
1565 1253 1621 1305 si
1675 1251 1781 1305 me
1835 1252 2038 1319 amas,
2092 1255 2165 1307 ut
2212 1246 2455 1322 valeas,
2509 1255 2594 1308 ne

491 1376 619 1437 ego
651 1363 717 1418 te
748 1355 1005 1418 iacente
1040 1355 1216 1418 bona
1253 1364 1370 1417 tua
1411 1355 1757 1419 comedim.
1855 1357 2074 1420 Statui
2118 1357 2295 1420 enim
2344 1359 2463 1421 tibi
2509 1367 2593 1421 ne

387 1485 443 1532 35
491 1476 767 1549 aegroto
798 1467 1067 1549 quidem
1100 1487 1392 1549 parcere.

625 1700 855 1763 XXX.
950 1701 1152 1763 THE
1216 1700 1616 1765 PARDON
1682 1701 1808 1765 OF
1875 1702 2467 1768 MARCELLUS

1206 1809 1411 1896 (from
1457 1813 1639 1875 Fam.
1680 1831 1739 1891 4.
1780 1812 1867 1897 4).

580 1970 738 2048 Uno
767 1991 833 2047 te
863 1983 1160 2059 vicimuS,
1196 1985 1373 2066 quod
1405 1984 1490 2046 de
1525 1984 1843 2060 Marcelli,
1879 1986 2199 2067 conlegae
2232 1996 2343 2061 tui,
2380 1988 2592 2050 salute

491 2098 693 2179 paulo
754 2106 910 2159 ante
973 2118 1170 2179 quam
1234 2105 1306 2159 tii
1372 2097 1843 2179 cognovimus;
1924 2098 2121 2161 etiarn
2192 2101 2589 2177 mehercule,

490 2210 666 2292 quod
709 2230 905 2291 quem
949 2211 1035 2272 ad
1080 2211 1348 2273 modum
1396 2230 1478 2273 ea
1524 2218 1628 2273 res
1677 2219 1985 2292 ageretur
2015 2212 2315 2275 vidimus.
2416 2215 2591 2275 Nam

490 2332 582 2385 sic
629 2323 738 2385 fac
793 2322 1142 2399 existimes,
1194 2332 1346 2404 post
1400 2323 1524 2385 has
1579 2323 1895 2399 miserias,
1946 2323 2012 2385 id
2068 2335 2186 2400 est,
2238 2336 2591 2407 postquam

413 2448 440 2494 5
490 2444 688 2496 armis
721 2434 1079 2517 disceptari
1115 2445 1424 2517 coeptum
1470 2445 1571 2497 est
1614 2436 1696 2498 de
1738 2434 1879 2498 iure
1922 2436 2206 2518 publico,
2242 2437 2406 2499 nihil
2444 2458 2593 2500 esse

489 2554 709 2609 actum
745 2546 921 2610 aliud
960 2567 1111 2611 cum
1156 2547 1497 2629 dignitate.
1596 2549 1770 2609 Nam
1815 2557 1882 2610 et
1924 2548 2067 2629 ipse
2118 2550 2367 2612 Caesar
2408 2558 2594 2613 accfi-

489 2666 633 2721 sata
675 2659 1034 2722 acerbitate
1075 2660 1594 2722 Marcelli—sic
1642 2658 1819 2721 enim
1867 2661 2249 2741 appellabat
2267 2698 2351 2707 =—
2373 2662 2595 2724 lauda-

489 2824 567 2871 26.
609 2824 928 2883 salutamus,
965 2832 1139 2888 greet,·
1184 2826 1273 2873 the
1318 2824 1515 2872 visitors
1656 2824 1820 2871 XXX.
1873 2824 2089 2872 Written
2120 2824 2171 2871 in
2206 2824 2503 2887 September
2538 2840 2590 2872 or

488 2907 649 2955 called
698 2907 750 2954 in
796 2909 1105 2956 accordance
1152 2908 1268 2956 with
1319 2914 1512 2955 custom
1567 2905 1803 2964 October,
1836 2907 1903 2967 46
1936 2918 2049 2965 B.C.,
2089 2915 2141 2955 to
2184 2907 2382 2956 Servius
2428 2907 2593 2970 Sulpi-

487 2996 539 3036 to
585 3005 682 3053 pay
723 2990 852 3038 their
892 2997 1110 3054 respeets
1150 2996 1201 3038 to
1241 2991 1327 3038 the
1372 2997 1514 3051 great
1567 2989 1686 3048 cius,
1743 2989 1857 3037 who
1913 3006 2014 3038 was
2071 2991 2450 3052 administering
2506 2991 2593 3039 the

486 3088 628 3132 man3
672 3073 772 3121 this
808 3073 983 3121 formal
1018 3074 1251 3137 morning
1285 3075 1381 3122 call
1411 3090 1515 3122 was
1565 3073 1802 3136 province
1840 3073 1897 3121 of
1928 3073 2136 3121 Achaia.
2214 3074 2285 3122 M.
2323 3073 2594 3121 Marcellus

432 3170 436 3174 ·
488 3155 650 3204 called
683 3157 1195 3207 salutatio.—bonos
1229 3156 1388 3215 viros,
1426 3158 1513 3206 the
1566 3155 1667 3202 had
1700 3156 1881 3218 during
1911 3155 1989 3203 his
2021 3156 2308 3219 consulship
2337 3155 2421 3219 (51
2450 3155 2587 3219 Rc.)

488 3238 723 3287 defeated
760 3239 1074 3303 Pompeians.
1153 3239 1232 3287 28.
1272 3239 1513 3299 defluxit,
1565 3240 1740 3289 shown
1769 3241 1974 3289 himself
2002 3257 2032 3289 a
2067 3248 2197 3289 most
2231 3241 2380 3288 bitter
2413 3256 2593 3302 enemy

489 3321 533 3368 is
555 3337 685 3370 over.
749 3334 827 3383 31.
853 3321 1175 3385 corpori,·i.e.
1201 3327 1254 3370 to
1279 3323 1511 3381 exercise,
1566 3323 1625 3371 of
1652 3323 1848 3383 Caesar,
1882 3324 1982 3372 and
2017 3324 2154 3372 since
2192 3323 2456 3372 Pharsalus
2491 3323 2594 3372 had

487 3403 574 3451 the
614 3404 752 3463 bath,
790 3406 888 3453 and
934 3405 1127 3452 dinner.
1225 3418 1302 3466 32.
1344 3404 1508 3464 eluxi,
1565 3405 1693 3451 been
1718 3405 1874 3464 living
1897 3404 1948 3451 in
1970 3404 2232 3467 voluntary
2256 3404 2383 3452 exile
2408 3411 2459 3454 at
2485 3406 2594 3468 My-

486 3486 613 3534 have
648 3487 930 3543 mourned‚·
982 3488 1068 3536 the
1108 3487 1262 3550 prefix
1304 3488 1515 3536 denotes
1564 3486 1732 3534 tilene.
1818 3498 1860 3535 1.
1906 3486 2041 3545 Uno,
2085 3487 2144 3534 in
2191 3503 2283 3535 one
2326 3494 2592 3550 respect.—

489 3568 597 3615 that
643 3569 729 3617 the
775 3570 950 3633 period
1003 3569 1061 3617 os
1106 3569 1374 3633 mourning
1424 3570 1516 3618 has
1567 3570 1833 3634 conlegae,
1875 3570 1927 3618 in
1969 3570 2055 3619 the
2096 3571 2385 3635 consulship
2432 3571 2490 3620 os
2532 3582 2588 3636 51

489 3650 619 3698 been
652 3652 949 3716 completed.
1021 3665 1098 3714 34.
1134 3652 1414 3711 comedim,
1439 3661 1521 3701 eat
1568 3665 1668 3700 13.c.
1697 3680 1763 3689 —
1786 3653 1980 3712 salute,
2026 3655 2341 3703 restoration.
2445 3654 2491 3702 6.
2539 3654 2596 3704 et

490 3740 574 3795 up.
650 3746 726 3799 35.
768 3735 999 3799 aegroto,
1028 3756 1075 3778 =
1102 3752 1262 3799 aegre.
1569 3735 1687 3800 ipse
1723 3735 1949 3786 Caesar:
1990 3736 2131 3785 there
2161 3738 2202 3785 is
2235 3754 2264 3786 a
2295 3736 2447 3800 slight
2476 3753 2595 3786 ana·
