2950 4150
763 252 1016 302 CICERO
1062 251 1504 301 INTERCEDES
1550 251 1690 300 FOR
1734 254 1783 301 A
1824 253 2091 301 PIRATE.
2404 237 2489 314 89

382 420 568 484 illum
607 428 774 482 ame.
872 419 1007 484 Sed
1051 418 1326 482 hfiiusce
1369 419 1552 482 modi
1592 428 1711 482 ves
1755 418 2031 496 clientis,
2069 419 2266 482 hfiius
2308 419 2490 482 modi

384 540 620 597 causes
670 531 1007 615 recipitis?
1101 531 1467 595 Hominem
1520 539 1725 593 finum
1777 532 2072 595 omnium
2122 532 2489 595 crtidelissi-

325 677 328 680 ⁴
384 668 583 722 mum,
620 655 734 728 qui
773 654 873 708 tot
918 644 1264 726 ingenueffi,
1308 651 1553 707 metres
1597 644 1902 720 familiis,
1944 655 2103 707 civis
2148 645 2488 708 Remenes

384 759 639 835 occidit,
675 757 981 839 abripuit,
1017 756 1424 837 disperdidit,
1460 756 1766 838 regienes
1800 757 2126 820 vestevit?
2221 757 2484 834 SimiuS,

383 880 517 935 nen
561 871 855 934 semissis
893 871 1110 946 home,
1152 876 1383 932 contre
1423 877 1530 932 me
1577 890 1759 932 arma
1806 869 1956 933 tulit
2003 879 2070 933 et
2116 890 2269 933 eum
2314 871 2490 934 belle

384 992 550 1066 cepi.
686 984 819 1048 Sed
882 993 1127 1059 tamen,
1192 992 1283 1044 mi
1344 981 1595 1058 Cicere,
1662 983 1822 1064 quid
1883 983 2107 1046 facere
2168 984 2487 1066 possum?

386 1096 634 1161 Omnia
677 1095 1054 1159 mehercule
1097 1095 1294 1176 cupie
1336 1115 1509 1177 quae
1545 1103 1618 1158 tsi
1659 1095 1820 1158 mihi
1857 1095 2161 1177 imperes
2259 1097 2488 1159 Meam

385 1209 1027 1272 animadversienem
1090 1218 1157 1271 et
1218 1207 1639 1290 supplicium,
1699 1216 1831 1291 que
1886 1215 2124 1271 fisfirus
2185 1228 2366 1271 eram
2420 1208 2487 1271 in

385 1342 538 1385 eum
593 1341 791 1403 quem
847 1320 1194 1403 cepissem,
1252 1321 1519 1383 remitte
1571 1320 1693 1383 tibi
1745 1329 1812 1383 et
1866 1321 2188 1383 condene.
2307 1321 2487 1403 Quid

384 1434 512 1496 illis
553 1434 959 1516 respondere
1001 1454 1273 1515 possum
1321 1443 1435 1516 qui
1481 1434 1566 1496 ob
1610 1453 1729 1495 sua
1770 1433 1946 1496 bona
1988 1433 2265 1514 direpta,
2300 1441 2487 1496 nevis

386 1554 823 1628 expfignetes,
881 1548 1139 1629 fretreS,
1194 1545 1453 1622 libereS,
1512 1553 1825 1627 parentes
1879 1554 2131 1608 occises
2193 1546 2486 1608 ectienes

386 1659 857 1741 expostulant?
950 1659 1024 1723 Si
1058 1659 1472 1721 mehercules
1505 1658 1695 1740 Appi
1725 1667 1800 1722 es
1833 1658 2167 1734 haberem,
2202 1658 2269 1720 in
2301 1658 2487 1721 cfiius

386 1773 605 1835 locum
639 1772 965 1834 suffectus
1008 1791 1174 1848 sum,
1209 1780 1436 1834 tamen
1480 1772 1606 1834 hec
1651 1771 1976 1834 sustinere
2020 1779 2153 1833 nen
2197 1791 2483 1852 possem.

389 1884 571 1965 Quid
616 1891 778 1964 erge
824 1884 970 1946 est?
1085 1883 1355 1947 Faciam
1404 1883 1627 1946 omnia
1675 1884 1907 1946 sedule
1952 1904 2122 1966 quae
2170 1890 2237 1945 te
2283 1883 2488 1946 sciam

385 1996 570 2059 velle.
675 1997 1079 2059 Defenditur
1118 2004 1158 2058 e
1201 1997 1282 2079 Q.
1324 1996 1622 2074 Volusie,
1663 2004 1777 2059 tue
1824 1996 2164 2079 discipule,
2217 2006 2272 2058 si
2316 1997 2488 2059 forte

385 2131 467 2173 ea
504 2118 608 2172 res
647 2109 894 2192 poterit
933 2109 1346 2173 adverseries
1393 2111 1649 2191 fugere.
1747 2111 1843 2172 In*
1876 2118 1956 2173 ee
2003 2109 2287 2172 mexima
2334 2117 2488 2192 spes

387 2232 506 2285 est.
622 2223 784 2299 Nes,
843 2232 899 2285 si
950 2223 1110 2305 quid
1163 2222 1288 2285 erit
1335 2209 1496 2285 istic'
1539 2243 1725 2304 opuS,
1785 2222 2126 2285 defendes
2241 2222 2490 2285 Caesar

387 2336 606 2398 adhfic
653 2334 816 2397 mihi
855 2334 1161 2397 inifiriam
1205 2335 1367 2398 facit
1392 2355 1407 2411 3
1455 2335 1539 2396 de
1576 2344 1741 2397 meis
1786 2334 2380 2417 supplicetienibus
2423 2347 2490 2398 et

387 2447 584 2510 rebus
632 2456 839 2529 gestis
893 2447 1284 2511 Dalmaticis
1338 2448 1559 2510 adhfic
1614 2455 1748 2509 nen
1803 2447 2027 2523 refert,
2085 2447 2274 2529 quasi
2334 2454 2491 2510 vere

388 2568 522 2622 nen
555 2560 902 2623 ifistissimi
931 2560 1251 2642 triumphi
1281 2561 1346 2622 in
1386 2559 1723 2623 Dalmatie
1756 2567 1861 2623 res
1890 2560 2229 2641 gesserim.
2313 2561 2488 2623 Nam

389 2683 445 2734 si
486 2673 611 2735 hec
654 2673 1177 2754 exspectandum
1219 2673 1339 2749 est,
1381 2674 1539 2735 dum
1577 2681 1789 2735 tetum
1831 2672 2078 2735 bellum
2121 2673 2486 2748 cenficiam,

386 2784 624 2866 viginti
669 2784 917 2867 oppida
963 2795 1118 2848 sunt
1176 2785 1555 2849 Dalmatiae
1603 2795 1911 2867 antiqua3
1977 2805 2148 2868 quae
2193 2785 2322 2867 ipsi
2368 2785 2492 2847 sibi

388 2897 829 2974 adsciverunt,
879 2898 1165 2980 amplius
1212 2898 1576 2980 sexaginte.
1692 2899 1884 2961 Haec
1938 2897 2067 2960 nisi
2118 2897 2341 2960 onmia
2391 2918 2492 2960 ex-

390 3016 635 3090 pfigne,
690 3019 745 3072 si
794 3010 956 3073 mihi
1006 3010 1530 3093 supplicetienes
1585 3018 1719 3072 nen
1776 3010 2239 3086 decernuntur,
2293 3010 2492 3091 longe

388 3122 517 3183 alie
549 3122 939 3187 condiciene
971 3144 1098 3205 ego
1133 3144 1280 3186 sum
1313 3144 1390 3187 ac
1424 3131 1629 3187 ceteri
1658 3123 2109 3205 imperf-iteres,

388 3289 594 3336 known.
689 3288 735 3337 8.
782 3301 895 3350 vos,
936 3306 1044 3353 you
1093 3290 1411 3353 Pompeiam.
1467 3287 1629 3353 Appi,
1648 3288 1865 3337 Cicero’s
1883 3289 2207 3351 predecessor
2225 3288 2278 3335 in
2297 3287 2489 3347 Cilicia3

394 3384 466 3418 11.
521 3370 747 3430 Simius,
793 3379 900 3435 ape.
1019 3385 1093 3421 12.
1145 3371 1411 3432 semissis,
1468 3378 1520 3420 at
1549 3372 1627 3420 his
1658 3372 1810 3420 death
1838 3371 2070 3419 Vatinius
2100 3370 2200 3419 had
2233 3371 2386 3419 taken
2415 3371 2493 3420 his

388 3454 546 3502 worth
570 3470 603 3502 a
627 3462 771 3510 cent‚·
799 3455 1162 3517 gen.ofvalue.
1233 3454 1309 3504 18.
1332 3467 1414 3505 ac·
1467 3454 1612 3519 place
1669 3454 1720 3502 in
1777 3454 1864 3502 the
1921 3453 2116 3516 college
2175 3453 2234 3501 of
2289 3468 2484 3515 augurs.

388 3535 567 3587 tiones
591 3537 957 3600 expostulant,
982 3537 1207 3587 demand
1225 3538 1335 3585 that
1357 3539 1417 3586 lte
1470 3536 1548 3586 26.
1584 3534 1923 3594 Dalmaticis,
1950 3556 1999 3578 =
2026 3537 2085 3584 in
2120 3535 2407 3584 Dalmatia.
2426 3562 2494 3571 —

389 3619 442 3666 be
459 3619 668 3684 brought
680 3627 726 3668 to
749 3621 890 3668 trial.
954 3633 1027 3682 19.
1051 3620 1411 3671 mehercules:
1467 3617 1649 3678 refert,
1673 3634 1740 3668 sc.
1766 3620 1842 3667 ad
1857 3626 2103 3667 senatum.
2190 3630 2269 3683 27.
2301 3617 2493 3669 trium-

391 3702 665 3751 mehercule
696 3702 737 3751 is
766 3703 1021 3768 preferred
1053 3703 1117 3767 by
1140 3704 1331 3752 Cicero,
1350 3730 1416 3739 —
1466 3701 1582 3768 phi,
1605 3717 1720 3765 gen.
1746 3701 1803 3750 of
1820 3701 2022 3765 quality.

2540 675 2595 706 10

2541 1236 2593 1282 15

2539 2363 2594 2408 25

2538 2925 2597 2968 30
