2950 4150
373 1449 432 1490 70

372 2005 428 2050 75

368 2555 427 2597 80

483 228 566 307 36
982 238 1635 288 CORRESPONDENCE
1681 238 1771 287 OF
1814 238 2089 292 clcERO.

481 422 684 494 potes,
737 413 801 474 id
843 412 1022 493 quod
1067 431 1213 492 eg0,
1260 421 1374 493 qui
1414 411 1535 474 tibi
1577 431 1839 492 semper
1887 411 2080 474 fortis
2121 412 2409 487 videbar,
2452 420 2584 474 non

480 544 771 605 possum,
806 525 990 605 erige
1022 531 1089 586 te
1121 532 1188 587 et
1218 524 1567 598 confirma,
1605 533 1660 585 si
1690 544 1821 604 qua
1864 523 2211 586 subeunda
2255 524 2586 587 dimicatic')

479 637 620 700 erit.
718 636 948 717 Spero,
984 645 1040 698 si
1072 634 1231 718 quid
1263 656 1413 698 mea
1451 643 1608 717 spes
1652 634 1854 698 habet
1896 634 2323 711 aucteritatiS,
2359 635 2480 698 tibi
2521 647 2586 700 et

479 748 930 829 integritatem
979 758 1161 810 tuam
1208 756 1276 810 et
1321 756 1612 810 amorem
1662 747 1729 809 in
1775 754 1842 810 te
1887 747 2171 810 civitatis
2222 757 2290 811 et
2338 747 2585 831 aliquid

479 860 680 923 etiam
727 860 1249 924 misericordiam
1296 869 1508 923 nostri
1557 859 1848 941 praesidi
1892 860 2194 922 lati-iram.
2292 859 2410 936 Sin
2457 861 2586 923 eris

480 972 563 1035 ab
607 973 734 1036 ista
775 973 1070 1054 periculo
1109 993 1381 1049 vacum,
1415 979 1579 1053 ages
1622 971 1890 1048 scilieet,
1926 982 1983 1034 si
2025 972 2184 1055 quid
2230 982 2342 1053 agi
2387 993 2584 1054 posse

480 1085 563 1147 de
594 1086 784 1148 nabis
817 1085 1101 1166 putabis,
1198 1085 1304 1147 De
1336 1092 1469 1166 quo
1501 1085 1796 1147 scribunt
1828 1084 1912 1146 ad
1951 1091 2058 1146 me
2090 1084 2357 1166 quidem
2395 1085 2587 1146 multi

480 1199 687 1260 multa
720 1206 786 1260 et
824 1205 896 1260 se
938 1204 1209 1278 sperare
1251 1196 1730 1272 demanstrant,
1767 1196 1886 1259 sed
1928 1217 2058 1278 ego
2099 1197 2279 1278 quod
2321 1204 2584 1278 sperem

479 1318 613 1372 non
657 1309 954 1391 dispicio,
991 1330 1142 1372 cum
1185 1309 1432 1372 inimici
1475 1309 1835 1390 phirimum
1876 1309 2161 1384 valeant,
2202 1318 2399 1372 amici
2443 1329 2585 1391 par-

478 1423 596 1484 tim
630 1422 1041 1484 deseruerint
1072 1428 1196 1496 me,
1226 1421 1468 1502 partim
1495 1421 1694 1484 etiam
1728 1421 2155 1502 prodiderint,
2190 1431 2305 1503 qui
2334 1421 2401 1483 in
2436 1429 2586 1483 meo

479 1534 693 1596 redita
728 1535 1014 1597 fortasse
1047 1533 1635 1615 reprehensionem
1662 1543 1764 1596 sui
1788 1533 2056 1596 sceleris
2089 1533 2579 1614 pertimescant.

482 1646 615 1711 Sed
648 1646 776 1710 ista
807 1646 1028 1728 qualia
1054 1645 1187 1708 sint
1219 1652 1290 1708 tsi
1316 1644 1513 1708 velim
1548 1645 1914 1727 perspicias
1948 1645 2241 1728 mihique
2268 1645 2579 1708 declares.

482 1760 629 1840 Ego
660 1769 904 1834 tamen,
940 1770 1140 1840 quam
1173 1758 1285 1820 diu
1318 1758 1438 1820 tibi
1468 1778 1639 1839 opus
1670 1757 1813 1832 erit,
1850 1767 1906 1820 si
1936 1757 2094 1840 quid
2127 1757 2404 1839 periculi
2438 1757 2585 1820 sub-

478 1872 767 1933 eundum
818 1869 1094 1946 videbis,
1145 1880 1404 1946 vivam3
1462 1869 1710 1933 diatius
1765 1870 1831 1932 in
1883 1870 2008 1933 hac
2058 1877 2194 1932 vita
2246 1890 2394 1933 esse
2448 1877 2581 1932 non

477 2003 769 2064 possum.
896 1983 1135 2065 Neque
1190 1982 1368 2044 enim
1422 1990 1683 2044 tantum
1735 1981 1970 2044 virium
2028 1982 2229 2045 habet
2283 1982 2417 2044 filla
2470 1991 2584 2044 aut

477 2096 833 2177 pradentia
874 2104 989 2158 aut
1032 2071 1334 2158 doctrina
1377 2104 1449 2158 ut
1491 2104 1754 2158 tantum
1803 2095 2098 2158 dolarem
2139 2094 2351 2176 possit
2397 2094 2585 2158 susti-

477 2216 652 2271 nere.
777 2208 932 2272 Scio
991 2207 1201 2271 fuisse
1263 2216 1332 2270 et
1393 2207 1739 2270 honestius
1804 2207 2130 2270 moriendi
2188 2216 2455 2288 tempus
2516 2217 2583 2270 et

478 2320 718 2395 sitifim,
753 2320 871 2382 sed
903 2327 1037 2382 non
1083 2320 1209 2382 hoc
1254 2320 1488 2395 salum,
1522 2319 1732 2381 multa
1774 2318 1904 2381 alia
1941 2328 2374 2400 praetermisi,
2410 2339 2582 2401 quae

476 2444 532 2495 si
580 2443 769 2515 queri
819 2431 1020 2495 velim
1076 2431 1454 2513 praeterita,
1511 2431 1676 2494 nihil
1732 2451 1927 2512 agam
1982 2430 2110 2493 nisi
2162 2440 2237 2494 ut
2298 2451 2581 2512 augeam

474 2546 770 2608 dolorem
803 2553 1009 2620 tuum,
1045 2543 1332 2606 indicem
1373 2543 1721 2606 stultitiam
1764 2563 1999 2606 meam.
2097 2543 2272 2605 Illud
2314 2542 2581 2624 quidem

473 2678 596 2721 nec
630 2657 1014 2720 faciendum
1046 2666 1150 2719 est
1182 2675 1305 2719 nec
1338 2656 1482 2719 fieri
1511 2643 1750 2737 potest,
1785 2662 1892 2717 me
1934 2654 2182 2717 diatius
2224 2675 2423 2736 quam
2467 2663 2583 2717 aut

472 2780 659 2833 tuum
704 2779 970 2850 tempus
1017 2779 1134 2831 aut
1178 2769 1376 2831 firma
1422 2776 1578 2850 spes
1626 2767 1992 2850 postulabit
2040 2766 2107 2828 in
2154 2775 2291 2829 tarn
2340 2766 2581 2829 misera

473 2892 741 2964 tamque
773 2890 952 2962 turpi
980 2887 1116 2943 vita
1149 2887 1545 2943 commorari
1575 2888 1666 2956 ut,
1701 2889 1816 2962 qui
1846 2879 2046 2942 modo
2078 2879 2285 2942 fratre
2317 2878 2577 2955 fuerim,

471 2995 710 3069 liberiS,
739 2992 1041 3075 coniuge,
1071 2992 1296 3074 copiiS,
1326 3012 1573 3074 genere
1605 2992 1752 3073 ipso
1777 2990 2101 3073 pecaniae
2133 2990 2576 3066 beatissimuS,

471 3106 814 3187 dignitate,
859 3104 1268 3181 auctoritate,
1315 3104 1820 3179 existimatione,
1865 3103 2078 3185 gratia
2125 3110 2260 3165 non
2301 3102 2581 3165 inferior
2629 3134 2635 3142 ·

468 3282 663 3334 pergas
694 3269 750 3319 et
783 3281 1063 3333 properes:
1104 3268 1271 3317 notice
1301 3268 1388 3317 the
1426 3267 1496 3317 al·
1550 3269 1591 3317 is
1610 3274 1661 3316 to
1680 3268 1744 3316 be
1763 3267 1918 3316 taken
1937 3266 2056 3315 with
2076 3265 2291 3329 aliquid.
2339 3263 2419 3314 82.
2443 3264 2579 3315 tem·

469 3352 736 3402 literation.
815 3352 893 3400 62.
930 3350 1242 3402 dimicatio:
1282 3349 1498 3413 Quintus
1547 3363 1667 3415 pus,
1694 3350 1941 3412 necessity.
2003 3348 2085 3410 83.
2112 3348 2284 3406 modo,
2309 3347 2398 3396 but
2417 3348 2577 3410 lately.

469 3451 570 3484 was
614 3435 908 3483 threatened
953 3432 1074 3481 with
1123 3434 1498 3496 impeachment
1549 3432 1628 3493 84.
1654 3444 1861 3496 genere,
1882 3432 2098 3479 because
2124 3430 2210 3478 the
2223 3430 2451 3494 pecunia
2478 3429 2579 3477 had

468 3535 535 3567 on
559 3518 638 3566 his
660 3524 827 3565 return
852 3522 905 3565 to
932 3518 1109 3564 Rome.
1197 3515 1275 3578 63.
1317 3514 1497 3566 aucto-
1549 3516 1677 3563 been
1704 3514 1943 3578 acquired
1975 3512 2042 3575 by
2069 3512 2347 3560 honorable
2383 3526 2572 3560 means.

466 3598 670 3658 ritatis,
681 3600 1012 3665 fhundation.
1082 3598 1162 3662 65.
1195 3595 1384 3655 nostri,
1409 3598 1495 3645 de·
1546 3596 1655 3645 The
1681 3596 1821 3645 chief
1838 3611 2040 3644 sources
2070 3595 2129 3643 of
2157 3594 2374 3644 Cicero's
2398 3593 2579 3643 wealth

464 3684 629 3754 pends
646 3697 783 3750 upon
801 3681 1205 3732 misericordiam
1215 3697 1239 3737 ,·
1259 3680 1499 3744 praesidi
1549 3695 1677 3728 were
1702 3679 1790 3729 the
1812 3679 1930 3742 gifts
1952 3680 2052 3728 and
2076 3677 2312 3743 bequests
2336 3676 2395 3725 of
2416 3682 2576 3741 grate·
