2950 4150
336 1866 387 1898 10

327 2417 380 2464 15

437 231 520 313 76
937 241 1588 294 CORRESPONDENCE
1633 243 1723 295 oF
1766 243 2037 298 CICERO.

477 475 844 540 XXXVII.
949 477 1442 544 DOMESTIC
1505 479 1955 545 woRRIEs
2014 476 2186 564 (Att.
2231 499 2323 545 12.
2362 480 2490 566 32).

1171 660 1386 711 Cicero
1420 661 1639 712 Attico
1675 661 1802 712 Sal.

522 824 802 887 Pfiblilia
848 824 932 887 ad
980 832 1086 886 me
1133 825 1398 906 scripsit
1443 833 1724 890 matrem
1774 837 2162 890 suam—ut
2211 849 2361 891 cum
2419 830 2539 891 Ρῦ-

431 936 613 1003 blilic‘)
651 937 1168 1019 loquerer—ad
1201 946 1307 1000 me
1339 959 1492 1001 cum
1534 938 1647 1002 ille
1678 948 2024 1002 ventflram
2062 950 2128 1002 et
2170 949 2242 1003 se
2284 948 2435 1017 Una,
2482 952 2540 1005 si

431 1068 557 1130 ego
590 1058 870 1131 paterer.
967 1036 1137 1114 Orat
1169 1051 1392 1113 multis
1424 1058 1494 1114 et
1526 1051 1940 1133 supplicibus
1972 1053 2190 1115 verbis
2230 1062 2303 1115 ut
2341 1053 2537 1117 liceat

431 1170 498 1223 et
530 1171 604 1224 ut
636 1161 761 1223 sibi
793 1162 1171 1225 rescribam.
1270 1164 1406 1225 Res
1439 1184 1639 1245 quam
1681 1164 1960 1227 molesta
1997 1165 2081 1227 sit
2112 1165 2313 1229 vides.
2414 1166 2539 1229 Re-

431 1283 668 1355 scripsi
708 1274 871 1336 mihi
912 1274 1114 1337 etiam
1157 1275 1425 1357 gravius
1469 1296 1618 1338 esse
1662 1297 1860 1358 quam
1904 1287 2041 1339 tum
2088 1298 2240 1340 cum
2283 1278 2378 1341 illi
2407 1278 2539 1340 dix-

430 1385 631 1448 issem
663 1394 770 1448 me
802 1387 1015 1449 solum
1049 1407 1197 1451 esse
1228 1388 1437 1465 velle3
1489 1396 1620 1470 qua
1645 1396 1714 1451 re
1739 1389 1912 1452 nolle
1939 1397 2046 1451 me
2078 1391 2202 1453 hoc
2235 1399 2538 1472 tempore

429 1519 577 1561 eam
632 1499 715 1562 ad
769 1507 877 1561 me
928 1510 1171 1563 venire.
1292 1501 1633 1577 Putabam,
1693 1511 1749 1563 si
1800 1501 1965 1563 nihil
2026 1503 2533 1584 rescripsissem,

429 1610 609 1673 illam
645 1632 804 1676 cum
849 1619 1057 1675 matre
1098 1620 1448 1675 ventfiram
1472 1635 1487 1689 ;
1537 1634 1714 1676 nunc
1760 1622 1894 1676 non
1944 1623 2125 1695 puto,
2167 1616 2538 1696 apparebat

429 1724 603 1785 enim
653 1724 799 1786 illas
849 1725 1101 1787 litteras
1155 1734 1289 1788 non
1341 1725 1514 1788 illius
1570 1746 1735 1788 esse.
1852 1726 2027 1788 Illud
2083 1737 2306 1790 autem
2357 1729 2537 1810 quod

429 1836 574 1898 fore
619 1836 817 1899 video
862 1837 1082 1918 ipsum
1129 1839 1281 1900 volo
1325 1846 1555 1913 vitare,
1605 1846 1691 1900 ne
1744 1838 1894 1901 illae
1949 1839 2033 1901 ad
2089 1847 2196 1901 me·
2241 1841 2531 1904 veniant.

432 1947 666 2013 Ieifina
713 1957 813 2011 est
855 1948 1086 2011 vitatio
1133 1958 1205 2011 ut
1250 1969 1377 2030 ego
1421 1950 1685 2025 nollem,
1732 1950 1849 2013 sed
1898 1971 2173 2013 necesse
2221 1960 2340 2013 est.
2434 1954 2537 2015 Te

429 2061 554 2123 hoc
588 2081 765 2123 nunc
798 2069 978 2142 rogo,
1015 2070 1087 2124 ut
1118 2062 1421 2143 explores
1454 2062 1539 2125 ad
1577 2083 1777 2145 quam
1810 2062 1985 2126 diem
2021 2063 2126 2126 hic
2160 2063 2250 2126 ita
2284 2064 2534 2146 possim

428 2192 574 2236 esse
609 2182 681 2236 ut
705 2181 788 2236 ne
813 2173 1167 2255 opprimar.
1250 2175 1459 2256 AgeS,
1488 2185 1559 2237 ut
1594 2175 1843 2251 scribiS,
1871 2184 2257 2257 temperate.
2355 2177 2537 2241 Cice-

427 2292 574 2348 roni
594 2286 791 2349 velim
827 2287 951 2348 hoc
985 2287 1525 2368 proponas—ita
1555 2296 1799 2363 tamen,
1830 2298 1886 2350 si
1915 2288 2033 2350 tibi
2066 2297 2198 2350 non
2234 2289 2533 2371 iniquum

426 2397 757 2461 videbitur
775 2435 877 2474 —,
906 2407 979 2461 ut
1011 2406 1319 2480 sflmptfis
1353 2399 1549 2462 hfiius
1584 2400 2155 2481 peregrinationi&
2185 2401 2442 2483 quibus,
2480 2412 2538 2464 si

431 2512 686 2573 Romae
730 2520 907 2574 esset
949 2512 1351 2594 domumque
1398 2514 1819 2589 condficeret,
1865 2512 2043 2594 quod
2090 2514 2314 2577 facere
2361 2514 2536 2596 cogi-

426 2701 528 2749 had
552 2703 818 2764 suggested
843 2717 982 2750 some
1007 2703 1229 2765 changes
1252 2708 1305 2750 to
1330 2703 1451 2750 Bru·
1506 2708 1874 2764 estrangement
1906 2703 2058 2751 dated
2094 2702 2222 2751 from
2257 2703 2410 2752 about
2444 2704 2534 2753 the

427 2791 506 2832 tus
528 2784 701 2833 before
729 2785 900 2847 giving
933 2785 971 2833 it
1006 2790 1058 2833 to
1092 2786 1171 2833 his
1205 2785 1365 2834 slaves
1399 2792 1452 2833 to
1506 2785 1625 2833 time
1650 2785 1707 2833 of
1724 2785 1928 2833 Tullia's
1952 2786 2121 2843 death,
2140 2787 2240 2834 and
2265 2787 2384 2849 they
2400 2802 2534 2835 were

427 2882 579 2930 copy;
628 2867 788 2915 slaves
825 2868 1054 2929 engaged
1091 2868 1143 2914 in
1182 2868 1281 2916 this
1313 2868 1451 2916 work
1506 2868 1741 2917 divorced
1766 2868 1865 2915 this
1892 2883 2029 2916 same
2060 2884 2197 2931 year.
2273 2881 2313 2917 1.
2349 2868 2533 2918 Publi-

426 2965 557 2997 were
593 2949 754 2998 called
789 2950 1021 2997 librarii.
1504 2948 1594 3008 lio,
1637 2950 1890 2998 Publilia's
1928 2951 2149 2999 brother.
2235 2964 2305 2999 11.
2341 2950 2533 3001 Ieiuna

514 3032 785 3080 XXXVII.
842 3031 1057 3080 Written
1092 3031 1220 3080 from
1255 3034 1451 3091 Astura,
1506 3068 1518 3080 .
1549 3068 1561 3081 .
1593 3068 1606 3081 .
1636 3032 1852 3090 nollem,
1887 3034 1979 3080 It's
2011 3050 2043 3080 a
2073 3041 2202 3096 poor
2235 3049 2408 3082 excuse
2437 3036 2535 3099 fhr

428 3114 605 3163 March
652 3114 788 3173 28tb,
833 3125 897 3178 45
946 3126 1047 3163 B.C.
1138 3115 1275 3164 Soon
1326 3115 1452 3164 after
1506 3122 1594 3164 not
1615 3116 1785 3179 seeing
1810 3116 1953 3173 them,
1979 3117 2086 3164 that
2110 3117 2149 3163 I
2170 3116 2267 3163 did
2291 3123 2380 3164 not
2405 3118 2533 3165 wish

427 3198 687 3259 divorcing
723 3197 974 3255 Terentia,
1015 3196 1192 3246 Cicero
1238 3198 1450 3246 married
1503 3206 1563 3246 to.
1655 3211 1730 3247 12.
1771 3197 1853 3247 ita
1888 3234 1899 3245 .
1938 3235 1950 3246 .
1988 3235 2000 3246 .
2038 3198 2099 3249 ut
2136 3210 2204 3248 ne
2240 3198 2532 3262 opprimar,

428 3280 655 3337 Publilia,
680 3279 992 3341 confessedly
1024 3279 1099 3327 for
1130 3280 1221 3328 her
1254 3295 1450 3343 money.
1504 3282 1714 3329 without
1746 3281 1938 3344 danger
1977 3282 2042 3346 of
2066 3281 2216 3344 being
2245 3283 2530 3344 surprised.

428 3363 529 3412 She
553 3378 654 3411 was
677 3362 803 3410 little
831 3376 970 3410 more
1002 3362 1124 3410 than
1157 3379 1186 3411 a
1217 3363 1326 3426 girl,
1352 3365 1451 3412 and
1511 3376 1583 3426 13.
1620 3361 1876 3421 Ciceroni,
1913 3363 2131 3411 Cicero's
2165 3379 2274 3422 son,
2312 3365 2533 3424 Marcus,

427 3446 469 3493 is
499 3445 608 3493 said
640 3450 694 3492 to
725 3445 852 3493 have
890 3446 1021 3493 been
1053 3444 1247 3508 jealous
1277 3446 1335 3494 of
1364 3447 1452 3494 her
1504 3446 1618 3494 who
1636 3459 1737 3494 was
1761 3453 1813 3494 to
1838 3447 1983 3508 study
2008 3446 2057 3493 in
2076 3447 2288 3495 Athens,
2352 3459 2426 3507 14.
2450 3446 2535 3497 ita

425 3527 809 3591 step-daughter
833 3529 934 3576 and
965 3535 1017 3576 to
1054 3529 1180 3577 have
1217 3528 1449 3578 offended
1504 3529 1705 3587 tamen,
1724 3527 1789 3586 si,
1808 3529 1916 3576 that
1932 3530 1989 3586 is,
2008 3529 2066 3576 in
2086 3545 2206 3578 case.
2281 3541 2354 3593 15.
2384 3542 2535 3593 pere-

427 3609 604 3658 Cicero
628 3611 693 3673 by
716 3612 806 3658 her
831 3611 1153 3660 indifference
1186 3618 1239 3660 to
1271 3612 1349 3660 his
1381 3611 1450 3660 af·
1506 3610 1849 3675 minationis,
1869 3618 1999 3669 tour,
2020 3612 2227 3676 sojourn
2248 3612 2538 3662 abrami.—

429 3692 634 3743 fliction.
703 3694 973 3743 Whatever
1007 3695 1094 3742 the
1130 3709 1293 3753 cause,
1326 3693 1453 3742 their
1506 3693 1716 3758 quibus,
1736 3693 1889 3742 refers
1912 3700 1965 3742 to
1989 3695 2244 3754 mercedes.
2308 3694 2383 3743 16.
2414 3706 2537 3746 con-
