2950 4150
839 291 989 340 THE
1034 291 1319 342 PARDON
1366 291 1455 341 OF
1502 290 1938 341 MARCELLUS.
2353 280 2435 360 65

338 475 536 549 teque
584 465 1251 531 honerificentissime
1301 474 1367 528 et
1419 465 1754 547 aequitate
1803 471 1918 527 tue
1967 473 2034 528 et
2086 464 2441 546 prfidentie

340 590 614 661 repente
657 588 923 660 praeter
960 598 1150 660 spem
1194 578 1355 640 dixit
1396 586 1468 640 se
1512 585 1774 640 senetui
1821 587 2086 659 roganti
2132 578 2218 640 de
2267 577 2441 639 Mer-

338 693 506 755 celle
558 699 644 753 ne
698 690 982 754 hominis
1042 690 1310 773 quidem
1372 697 1575 753 cause
1634 697 2049 771 negetfirum.
2161 690 2441 752 Fecerat
2491 717 2547 749 10

338 814 557 867 autem
609 804 732 867 hec
781 810 1072 879 senetuS,
1124 812 1196 865 ut
1244 823 1397 866 cum
1450 810 1491 865 ᾗ
1549 803 1622 864 L.
1676 804 1915 865 Pisene
1969 801 2218 865 mentie
2263 812 2440 865 esset

340 917 519 979 facta
561 916 644 978 de
689 915 1013 978 Mercelle
1055 923 1122 978 et
1162 935 1311 978 cum
1358 914 1453 979 C.'
1482 915 1841 977 Marcellus
1884 922 1957 977 se
2002 915 2088 977 ad
2136 914 2442 978 Caesaris

338 1029 544 1110 pedes
595 1028 962 1104 abiecisset,
1013 1035 1294 1091 cfinctus
1343 1036 1775 1108 censurgeret
1825 1036 1891 1091 et
1944 1027 2028 1090 ad
2084 1028 2439 1093 Caesarem

339 1142 621 1223 supplex
672 1140 1035 1204 accederet.
1141 1140 1299 1203 Neli
1350 1160 1686 1222 quaerere.
1791 1140 1894 1202 Ita
1946 1139 2109 1202 mihi
2162 1139 2443 1221 pulcher

340 1262 445 1317 hic
499 1254 640 1316 dies
692 1263 874 1316 visus
928 1263 1030 1316 est
1083 1262 1157 1315 ut
1209 1252 1501 1334 speciem
1563 1251 1852 1335 aliquam
1906 1252 2165 1315 viderer
2216 1251 2441 1314 videre
2492 1277 2546 1324 15

339 1366 531 1449 quasi
584 1365 1040 1429 reviviscentis
1100 1375 1197 1427 rei
1256 1365 1580 1446 pfiblicae.
1700 1365 1935 1447 Itaque
1995 1384 2148 1428 cum
2210 1371 2442 1428 omnes

340 1488 494 1542 ante
544 1486 648 1540 me
695 1485 912 1560 rogeti
956 1477 1205 1559 greties
1254 1478 1529 1540 Caesari
1571 1477 1866 1558 egissent
1908 1487 2172 1559 praeter
2208 1477 2445 1542 Volca-

341 1590 703 1654 cium—is
750 1590 946 1666 enim,
997 1600 1053 1652 si
1097 1598 1179 1653 ee
1223 1589 1369 1653 loce
1417 1598 1615 1664 esset,
1665 1589 1937 1671 negevit
1985 1597 2058 1652 se
2105 1590 2441 1652 factfirum

342 1704 553 1767 fuisse
583 1737 691 1779 —,
736 1723 864 1784 ego
911 1710 1185 1784 rogetus
1232 1710 1487 1765 mfitevi
1530 1722 1752 1765 meum
1799 1701 2166 1765 censilium.
2265 1702 2442 1764 Nam

342 1827 706 1880 statueram
737 1824 873 1878 nen
905 1815 1283 1878 mehercule
1317 1814 1573 1890 inertie,
1608 1815 1728 1878 sed
1760 1814 2087 1878 desiderie
2125 1814 2444 1895 pristinae
2492 1845 2550 1875 20

342 1929 686 2011 dignitatis
718 1929 783 1990 in
819 1937 1218 2010 perpetuum
1250 1935 1491 1990 tacere.
1589 1927 1819 2009 Fregit
1863 1928 1989 1991 he'c
2030 1947 2252 1989 meum
2295 1935 2444 1991 cen-

343 2042 562 2106 silium
595 2051 662 2105 et
695 2040 1002 2105 Caesaris
1035 2040 1427 2123 megnitfide
1465 2040 1669 2103 animi
1708 2050 1775 2104 et
1817 2047 2089 2104 senetiis
2134 2038 2438 2104 officium.

346 2157 582 2237 Itaque
615 2154 915 2236 plfiribus
947 2154 1167 2216 verbis
1200 2161 1309 2235 egi
1342 2152 1618 2216 Caesari
1649 2153 1915 2235 gretie&
1953 2161 2189 2236 meque
2224 2161 2445 2216 metue

345 2275 429 2330 ne
474 2267 675 2330 etiam
721 2266 788 2328 in
837 2273 1073 2329 ceteris
1123 2265 1320 2328 rebus
1374 2266 1659 2328 honeste
1707 2265 1841 2328 etie
1890 2265 2218 2347 priverim,
2265 2266 2442 2346 quod

342 2389 488 2443 erat
540 2387 746 2441 finum
803 2378 1120 2441 selecium
1183 2378 1251 2440 in
1305 2378 1515 2441 malis.
1633 2378 1766 2441 Sed
1828 2387 2073 2453 tamen,
2130 2376 2443 2458 quoniam
2492 2402 2546 2448 25

341 2493 559 2578 efffigi
609 2491 751 2554 eius
814 2489 1275 2565 offensienem‚
1335 2500 1448 2572 qui
1507 2491 1796 2553 fortasse
1856 2489 2285 2552 arbitraretur
2338 2496 2444 2551 me

343 2604 517 2667 hanc
566 2624 706 2667 rem
756 2603 1094 2685 pfiblicam
1148 2611 1282 2665 nen
1334 2610 1589 2684 putere,
1643 2612 1699 2665 si
1752 2610 2078 2684 perpetue
2130 2609 2440 2677 tacerem,

342 2717 601 2780 modice
646 2716 773 2779 hec
820 2715 1064 2778 faciam
1112 2724 1227 2777 aut
1273 2715 1475 2777 etiam
1517 2714 1688 2777 intre
1728 2715 2014 2790 modum,
2050 2724 2125 2777 ut
2164 2724 2231 2777 et
2273 2713 2444 2777 illius

341 2829 668 2891 volunteti
714 2838 782 2891 et
829 2837 994 2891 meis
1044 2827 1279 2890 studiis
1330 2805 1634 2890 serviam.
1732 2829 1907 2890 Nam
1963 2835 2090 2889 etsi
2139 2834 2178 2889 Ξι
2231 2833 2445 2907 prime

341 2948 561 3004 aetete
616 2948 721 3003 me
774 2939 990 3003 omnis
1046 2960 1153 3002 ars
1209 2949 1277 3003 et
1329 2940 1632 3002 doctrina
1685 2939 1973 3002 liberalis
2035 2948 2101 3001 et
2161 2938 2444 3001 mexime
2489 2963 2547 3007 30

343 3052 764 3134 philosophia
843 3051 1213 3128 delectevit,
1294 3060 1522 3115 tamen
1603 3052 1729 3114 hec
1809 3051 2099 3115 studium
2177 3050 2445 3114 cottidie

340 3246 597 3305 coluthon,
660 3247 868 3295 Fecerat
930 3253 1097 3295 autem
1165 3254 1368 3295 senatus
1417 3263 1487 3295 sc.
1518 3249 1833 3297 sententiam.
1907 3248 1984 3297 18.
2022 3260 2084 3299 eo
2117 3248 2246 3306 loco,
2278 3248 2358 3297 i.e.
2391 3247 2444 3295 in

339 3330 578 3392 standing
648 3328 721 3377 for
788 3337 835 3377 et
894 3336 1097 3377 senatus
1148 3330 1358 3395 fecerat.
1418 3330 1643 3378 Caesar’s
1660 3331 1819 3394 place.
1880 3343 1957 3380 20.
1982 3329 2197 3388 inertia,
2217 3330 2444 3378 disincli·

346 3425 420 3461 ιο.
455 3409 694 3462 hominis
729 3447 742 3460 .
784 3447 797 3460 .
840 3448 851 3460 .
892 3424 1074 3471 causa,
1109 3418 1155 3459 to
1191 3413 1368 3475 satisfit
1421 3413 1621 3461 nation.
1637 3412 1992 3471 —desiderio,
2019 3420 2191 3477 reg-ret.
2262 3426 2338 3460 22.
2364 3410 2443 3462 of-

337 3495 419 3543 his
430 3495 676 3557 personal
681 3495 890 3559 feeling.
957 3506 1031 3542 12.
1062 3493 1366 3544 C.Marce1-
1417 3493 1618 3553 ficium,
1661 3497 1854 3558 loyalty.
1948 3508 2026 3558 23.
2074 3495 2265 3558 Itaque
2305 3530 2318 3543 .
2365 3530 2378 3542 .
2424 3529 2437 3542 .

338 3577 442 3635 lus,
467 3577 638 3624 cousin
663 3576 722 3625 of
742 3577 958 3625 Marcus.
1023 3589 1041 3623 ι
1051 3589 1096 3638 3.
1125 3576 1366 3634 cunctus,
1421 3576 1648 3641 gratias,
1672 3578 1725 3625 in
1749 3578 1834 3626 the
1867 3578 2046 3626 Oratio
2059 3585 2159 3640 pro
2183 3579 2261 3626 M.
2292 3580 2445 3627 Mar-

340 3661 399 3708 in
438 3675 471 3706 a
508 3659 642 3721 body.
737 3671 810 3719 14.
845 3657 974 3710 Noli
1008 3671 1278 3722 quaerere,
1311 3678 1360 3701 =
1420 3660 1533 3707 cello
1556 3675 1613 3707 so
1638 3660 1814 3709 called.
1890 3673 1967 3724 27.
2009 3672 2123 3709 rem
2151 3658 2444 3723 publicam,

339 3741 475 3806 quid
490 3742 712 3805 quaeris,
738 3742 797 3789 in
820 3743 967 3790 short.
1054 3753 1128 3804 17.
1169 3739 1366 3805 rogati,
1420 3758 1452 3789 a
1472 3743 2199 3806 constitutionalgovernment.
2249 3740 2326 3789 28.
2347 3741 2445 3791 hoc

669 3835 786 3873 con.
820 3836 888 3872 or
922 3835 1146 3889 αισα-5
