2950 4150
716 237 1107 286 TREBATIUS
1151 237 1252 285 AN
1299 236 1782 285 INDIFFERENT
1828 236 2150 285 SOLDIER.
2412 238 2494 304 57

390 411 568 492 quod
599 420 848 491 negent
880 417 947 472 te·
977 408 1526 491 percontantibus
1568 409 1991 491 respondere.
2043 393 2048 397 ’
2089 409 2222 474 Sed
2265 420 2491 473 tamen

390 533 491 586 est
524 523 700 604 quod
743 523 1057 603 gaudeas,
1153 524 1434 587 Constat
1477 521 1654 584 enim
1693 521 1864 585 inter
1905 532 2120 585 omnis
2159 521 2491 585 neminem

389 645 455 697 te
490 656 622 697 uno
657 635 1160 719 Samarobrivae
1192 634 1351 698 iuris
1384 635 1766 717 peritiorem
1796 655 1962 698 esse.

389 863 605 927 xxv.
701 863 1255 928 TREBATIUS
1318 848 1456 925 AN
1523 862 2200 928 INDIFFERENT
2266 863 2493 929 SOL-

957 981 1196 1042 DIER
1253 978 1467 1064 (Fam.
1507 994 1562 1060 7.
1610 997 1701 1042 10.
1748 998 1796 1056 1,
1834 978 1920 1065 2).

990 1144 1077 1192 M.
1120 1143 1335 1193 Cicero
1371 1143 1433 1193 S.
1474 1143 1545 1192 D.
1586 1143 1895 1194 Trebatio.

480 1289 650 1370 Legi
693 1295 841 1351 tuas
888 1287 1162 1364 litteraS,
1208 1308 1289 1350 ex
1335 1289 1575 1370 quibus
1622 1288 1915 1351 intellexi
1957 1296 2023 1351 te
2072 1288 2344 1352 Caesari
2382 1309 2493 1351 no-

389 1409 529 1464 stro
558 1392 751 1464 valde
794 1402 933 1463 iiire
976 1402 1352 1464 consultum
1383 1401 1606 1464 videri.
1704 1402 1827 1464 Est
1869 1402 2045 1482 quod
2089 1401 2384 1482 gaudeas
2425 1377 2497 1464 te

388 1514 457 1577 in
499 1513 625 1577 ista
668 1515 812 1576 loca
853 1514 1117 1576 venisse
1160 1514 1274 1576 ubi
1316 1514 1564 1596 aliquid
1610 1534 1847 1596 sapere
1881 1514 2196 1605 viderere.
2292 1514 2490 1595 Quod

390 1627 542 1688 siin
580 1625 990 1688 Britanniam
1024 1646 1288 1708 quoque
1327 1627 1671 1708 profectus
1713 1633 1915 1701 esseS,
1950 1626 2255 1707 profecto
2295 1634 2493 1688 nemo

389 1738 456 1800 in
489 1738 599 1800 illa
630 1745 817 1800 tanta
846 1738 1060 1800 insula
1094 1737 1365 1820 peritior
1405 1746 1473 1801 te
1515 1738 1771 1801 fuisset.
1864 1739 2116 1801 Verum
2160 1747 2488 1800 tamen—
2539 1757 2566 1803 5

389 1851 723 1913 rideamus
777 1850 949 1925 licet,
1006 1871 1152 1913 sum
1209 1851 1386 1914 enim
1437 1859 1477 1913 a
1529 1858 1597 1914 te
1650 1849 2493 1913 invitatus—subinvideo
2553 1830 2560 1838 ²

389 1962 524 2038 tibi,
575 1962 748 2025 ultro
792 1962 992 2026 etiam
1041 1973 1429 2026 arcessitum
1479 1964 1563 2026 ab
1609 1972 1690 2026 eo
1733 1963 1816 2025 ad
1865 1983 2061 2045 quem
2110 1971 2314 2026 ceteri
2357 1971 2491 2025 non

389 2086 664 2157 propter
710 2076 1090 2157 superbiam
1137 2075 1295 2150 eiuS,
1344 2077 1460 2139 sed
1509 2087 1784 2158 propter
1829 2076 2335 2157 occupationem
2383 2076 2491 2138 ad-

390 2195 640 2269 spirare
674 2196 807 2250 non
841 2197 1138 2269 possunt.
1236 2189 1372 2252 Sed
1412 2197 1484 2252 tii
1529 2189 1595 2251 in
1639 2188 1766 2251 ista
1806 2189 2092 2270 epistula
2130 2188 2290 2250 nihil
2329 2188 2490 2250 mihi

390 2300 715 2382 scripsisti
745 2300 827 2362 de
860 2310 991 2363 tuis
1024 2300 1238 2376 rebus,
1275 2321 1446 2382 quae
1482 2301 1861 2364 mehercule
1894 2300 2056 2363 mihi
2088 2309 2221 2362 non
2255 2300 2493 2362 minori
2541 2325 2595 2356 10

389 2419 587 2475 cfirae
645 2422 800 2475 sunt
850 2433 1048 2494 quam
1104 2432 1310 2476 meae.
1434 2413 1650 2478 Valde
1705 2421 1928 2477 metuo
1980 2421 2066 2475 ne
2119 2412 2368 2492 frigeas
2422 2412 2489 2474 in

389 2524 698 2587 hibernis.
817 2524 1037 2605 Quam
1101 2525 1186 2587 ob
1247 2545 1387 2587 rem
1448 2534 1710 2588 camino
1770 2526 2107 2588 luculento
2169 2524 2487 2588 utendum

388 2644 665 2714 censec‘>;
729 2637 901 2700 idem
964 2637 1192 2700 Mucio
1245 2648 1311 2700 et
1376 2637 1654 2701 Manilio
1714 2638 2040 2719 placebat,
2098 2637 2486 2719 praesertim

388 2760 502 2831 qui
547 2759 725 2831 sagis
773 2757 907 2812 non
955 2750 1343 2813 abundares.
1460 2751 1888 2833 Quamquam
1943 2759 2060 2814 vos
2110 2771 2289 2814 nunc
2344 2751 2488 2815 istic

388 2861 548 2925 satis
593 2862 809 2926 calere
853 2862 1066 2938 audio,
1113 2871 1244 2944 quo
1290 2863 1557 2945 quidem
1604 2864 1837 2927 nuntio
1876 2864 2073 2926 valde
2113 2864 2488 2927 mehercule
2539 2884 2590 2929 15

385 3025 620 3087 supplied
648 3026 770 3073 with
811 3041 998 3089 money.
1078 3039 1097 3074 1
1111 3039 1130 3073 1
1143 3060 1155 3073 .
1198 3038 1414 3091 respon·
1471 3039 1546 3076 12.
1578 3023 1788 3078 camino
1818 3026 2105 3085 luculento,
2129 3044 2161 3074 a
2186 3027 2352 3091 bright
2363 3027 2487 3092 fire,

386 3107 526 3166 dere,
557 3123 589 3155 a
621 3123 757 3170 sorry
786 3124 906 3171 pun,
936 3125 1138 3157 answer
1165 3110 1415 3173 questions
1464 3109 1675 3172 literally
1696 3116 1836 3158 stove.
1912 3122 1986 3172 13.
2012 3108 2157 3160 idem
2182 3145 2193 3157 .
2226 3145 2238 3157 .
2271 3144 2282 3156 .
2312 3109 2486 3173 place·

385 3191 488 3238 and
513 3191 632 3253 give
661 3191 849 3249 advice,
881 3192 934 3239 in
965 3192 1053 3239 the
1086 3191 1233 3240 latter
1267 3208 1411 3240 sense
1463 3192 1587 3242 bat:
1628 3192 1803 3241 Cicero
1839 3193 1962 3240 cites
1997 3198 2095 3240 two
2130 3191 2323 3240 famous
2356 3191 2487 3253 legal

385 3289 414 3321 a
437 3273 570 3335 legal
593 3280 735 3322 term.
1464 3275 1770 3323 authorities.
1844 3288 1917 3335 14.
1953 3273 2133 3339 sagis:
2172 3274 2259 3322 the
2292 3289 2487 3337 sagum,

472 3356 637 3405 XXV.
685 3369 730 3406 2.
761 3354 875 3406 iure
908 3356 1231 3416 consultum,
1257 3378 1304 3402 =
1329 3358 1409 3406 iu·
1464 3358 1700 3420 military
1740 3357 1890 3415 cloak,
1930 3373 2031 3405 was
2077 3356 2393 3405 emblematic
2435 3355 2494 3404 of

385 3438 463 3486 ris
485 3440 702 3501 peritus.
785 3439 831 3487 6.
869 3438 1189 3491 subinvideo
1223 3439 1344 3498 tibi,
1381 3442 1416 3487 I
1464 3456 1579 3499 war,
1604 3456 1657 3489 as
1692 3441 1778 3488 the
1812 3447 1917 3503 toga
1948 3455 2048 3488 was
2083 3439 2398 3487 emblematic
2434 3438 2493 3487 of

384 3537 471 3569 am
495 3538 527 3568 a
551 3522 625 3570 bit
644 3523 852 3571 envious
875 3524 1067 3588 quou.
1138 3536 1181 3587 7.
1216 3535 1294 3581 eo,
1325 3524 1402 3572 i.e.
1462 3538 1636 3586 peace,
1684 3524 1785 3571 and
1829 3522 2006 3571 Cicero
2053 3537 2165 3585 may
2205 3523 2268 3570 be
2307 3520 2487 3584 joking

384 3606 579 3653 Caesar.
649 3605 695 3654 8.
730 3605 1027 3670 adspirare,
1058 3607 1109 3654 in
1144 3607 1230 3655 the
1264 3622 1407 3655 sense
1458 3606 1722 3655 Trebatius
1750 3621 1886 3669 upon
1913 3606 1992 3654 his
2024 3604 2398 3654 disinclination
2433 3611 2485 3652 to

382 3688 437 3737 in
454 3688 619 3738 which
643 3688 729 3739 the
754 3689 883 3754 Eng.
911 3689 1178 3739 derivative
1203 3689 1244 3739 is
1268 3691 1407 3740 used.
1460 3705 1574 3738 war.
1648 3700 1722 3755 15.
1746 3688 1945 3739 calere:
1985 3689 2122 3738 word
2143 3688 2246 3737 had
2269 3686 2486 3737 reached
