2950 4150
999 286 1048 334 A
1093 285 1363 334 FAMILY
1410 286 1778 335 PEDIGREE.
2357 276 2445 356 67

388 509 701 573 XXXII.
795 510 864 572 A
921 510 1300 573 FAMILY
1363 511 1853 575 PEDIGREE
1902 506 2114 594 (Fam.
2158 527 2218 592 9.
2265 511 2394 597 21).

1114 692 1331 743 Cicero
1373 694 1570 744 Paeto
1608 692 1673 743 S.

426 862 565 926 Ain
602 861 917 925 tandem?
1006 844 1312 925 Insanire
1349 861 1470 925 tibi
1499 862 1761 940 videris,
1797 862 1974 945 quod
2016 862 2269 928 imitere
2304 885 2443 928 ver-

342 975 573 1037 borum
612 982 929 1051 meorum,
963 984 1037 1037 ut
1074 974 1322 1051 scribiS,
1361 974 1690 1037 fulmina?
1781 977 1955 1038 Tum
2000 984 2342 1052 insanires,
2389 987 2445 1040 si

340 1095 659 1169 consequi
694 1095 828 1148 non
866 1094 1138 1168 posses;
1187 1107 1336 1149 cum
1375 1094 1535 1150 vero
1574 1086 1773 1150 etiam
1810 1088 2058 1163 vincaS,
2104 1096 2210 1150 me
2256 1089 2441 1171 prius

340 1199 626 1261 inrideas
676 1218 876 1280 quam
924 1206 991 1261 te
1039 1207 1320 1282 oportet.
1420 1199 1574 1280 Qua
1623 1207 1694 1262 re
1741 1199 1906 1262 nihil
1954 1199 2073 1262 tibi
2119 1221 2290 1282 opus
2340 1211 2442 1264 est

339 1310 501 1373 illud
550 1318 591 1373 5.
638 1310 919 1387 Trabea,
973 1311 1093 1374 sed
1143 1310 1364 1392 potius
1419 1308 1800 1389 ἀπότευγμα
1855 1292 2092 1374 meum.
2187 1314 2441 1376 Verum

340 1433 566 1486 tamen
598 1422 757 1506 quid
787 1423 908 1486 tibi
939 1443 1067 1504 ego
1097 1422 1329 1486 videor
1359 1423 1426 1486 in
1460 1423 1809 1505 epistulis?
1905 1426 2148 1488 Nonne
2182 1426 2443 1506 plebeio

341 1544 645 1599 sermone
678 1555 877 1617 agere
909 1536 1175 1599 tecum?
1267 1536 1412 1599 Nec
1443 1536 1622 1598 enim
1655 1556 1922 1618 semper
1953 1537 2187 1600 eodem
2222 1538 2436 1601 modo.

342 1648 523 1730 Quid
572 1648 750 1711 enim
801 1647 1013 1711 simile
1064 1648 1268 1711 habet
1320 1648 1607 1730 epistula
1661 1658 1777 1711 aut
1830 1649 2072 1712 iudicio
2125 1660 2240 1712 aut
2293 1658 2442 1713 con-

339 1760 546 1823 tioni?
646 1760 827 1843 Quin
874 1760 1023 1842 ipsa
1072 1759 1316 1823 iudicia
1362 1769 1499 1823 non
1546 1762 1837 1824 solemus
1886 1761 2107 1824 omnia
2155 1769 2441 1826 tractare

341 1881 473 1935 uno
505 1871 716 1935 modo.
816 1873 1111 1936 Privatas
1149 1880 1405 1949 causas,
1447 1883 1516 1936 et
1553 1881 1666 1936 eas
1709 1883 1946 1950 tenuiS‚
1991 1875 2252 1955 agimus
2295 1876 2441 1938 sub-

338 1984 535 2061 tilius,
568 1984 807 2067 capitis
845 1994 960 2048 aut
996 1984 1219 2048 famae
1259 1985 1509 2049 scilicet
1552 1986 1848 2049 ornatius
1869 2007 1884 2063 ;
1933 1985 2253 2068 epistulas
2283 1994 2442 2050 vero

339 2098 713 2161 cottidianis
744 2098 962 2162 verbis
995 2108 1217 2162 texere
1256 2100 1564 2162 solemus,
1651 2099 1785 2164 Sed
1815 2108 2060 2176 tamen,
2096 2110 2188 2161 mi
2221 2101 2437 2177 Paete,

338 2220 453 2292 qui
495 2210 616 2273 tibi
660 2210 842 2274 venit
889 2210 957 2273 in
1008 2220 1299 2274 mentem
1349 2219 1600 2292 negare
1652 2211 1986 2293 Papirium
2035 2233 2436 2295 quemquam

338 2343 653 2405 umquam
704 2323 832 2385 nisi
880 2323 1211 2405 plebeium
1262 2323 1518 2387 fuisse?
1613 2325 1910 2387 Fuerunt
1959 2324 2136 2387 enim
2182 2326 2443 2407 patricii

337 2435 666 2498 minorum
697 2434 1017 2517 gentium,
1052 2444 1331 2518 quorum
1371 2445 1685 2520 princeps
1732 2437 1805 2499 L.
1852 2437 2153 2518 Papirius
2200 2438 2441 2519 Mugil-

336 2546 547 2622 lanus
583 2557 698 2630 qui
726 2555 963 2611 censor
994 2569 1145 2611 cum
1192 2549 1267 2610 L.
1313 2548 1711 2630 Sempronio
1742 2533 2059 2612 Atratino
2099 2550 2244 2626 fuit,
2286 2571 2438 2614 cum

337 2668 495 2722 ante
525 2660 756 2723 consul
790 2680 939 2723 cum
973 2660 1208 2723 eodem
1241 2660 1499 2736 fuisset,
1535 2671 1726 2723 annis
1769 2670 1922 2742 post
1966 2662 2250 2724 Romam
2290 2683 2440 2725 con-

337 2770 544 2834 ditam
577 2790 811 2835 cccxn.
911 2772 1047 2837 Sed
1085 2782 1227 2835 tum
1265 2773 1512 2854 Papisii
1547 2773 1962 2837 dicebamini.
2059 2775 2219 2837 Post
2260 2775 2438 2839 hunc

336 2902 475 2945 xm.
512 2883 978 2972 fueruntsella
1009 2885 1221 2947 curuli
1256 2895 1412 2947 ante
1453 2886 1529 2947 L.
1575 2885 1911 2966 Papirium
1956 2884 2292 2964 Crassum,
2327 2898 2442 2970 qui

423 3072 647 3122 XXXII.
717 3085 757 3122 1.
796 3071 905 3123 Ain
949 3071 1223 3123 tandem?
1269 3072 1359 3120 In·
1412 3070 1582 3121 rium:
1631 3071 1718 3119 the
1759 3073 1906 3119 Paeti
1943 3087 2074 3121 were
2113 3089 2143 3121 a
2183 3072 2353 3136 family
2387 3073 2442 3123 of

336 3154 494 3203 deed!
593 3166 638 3220 5.
695 3154 851 3214 illud,
901 3156 1010 3204 that
1062 3155 1319 3218 quotation
1335 3171 1359 3210 ‚·
1412 3154 1500 3202 the
1545 3155 1771 3216 Papiria
1809 3170 1943 3218 gens.
2050 3166 2125 3220 15.
2170 3155 2441 3208 minorum

333 3237 531 3286 Trabea
553 3253 654 3286 was
677 3254 742 3286 an
767 3238 901 3301 early
924 3238 1086 3286 writer
1108 3237 1167 3286 of
1192 3252 1360 3286 come·
1413 3234 1687 3300 gentium:
1734 3236 1821 3285 the
1858 3237 2081 3286 minores
2107 3245 2274 3302 gentes
2307 3255 2439 3288 were

337 3319 874 3385 ἀίει-ἀπότευγμα,
897 3321 1139 3386 sailure‚·
1175 3335 1242 3368 sc.
1273 3326 1355 3368 est.
1413 3319 1553 3367 clans
1583 3318 1749 3367 which
1787 3318 1887 3367 had
1920 3319 2051 3368 been
2085 3321 2439 3384 incorporated

335 3401 382 3451 8.
424 3402 635 3462 iudicio,
660 3403 736 3452 the
760 3403 962 3452 address
990 3410 1037 3451 to
1067 3419 1099 3450 a
1119 3401 1272 3467 jury.
1293 3430 1360 3438 —
1412 3402 1519 3449 into
1570 3401 1656 3450 the
1709 3402 1841 3464 early
1892 3401 2178 3451 settlement
2228 3418 2296 3451 on
2352 3404 2439 3453 the

334 3484 590 3545 contioni,
615 3503 648 3534 a
666 3486 903 3551 political
919 3486 1096 3549 speech.
1170 3498 1244 3534 10.
1279 3485 1358 3536 te·
1413 3483 1638 3532 Palatine
1690 3485 1793 3532 and
1843 3484 2114 3544 ennobled,
2160 3500 2216 3534 as
2266 3485 2437 3535 distin-

334 3566 474 3628 nuiS,
521 3569 584 3635 of
617 3569 766 3634 sltffit
809 3570 1134 3634 importance.
1154 3568 1358 3618 —sub-
1410 3567 1624 3630 guished
1656 3565 1786 3615 from
1815 3566 1901 3615 the
1931 3568 2071 3616 clans
2101 3568 2158 3616 of
2187 3568 2273 3616 the
2307 3568 2440 3631 orig-

332 3649 506 3711 tilius,
552 3667 690 3700 more
730 3652 928 3716 simply.
1032 3663 1105 3700 12.
1157 3650 1357 3709 texere,
1410 3649 1514 3698 inal
1547 3649 1742 3697 settlers
1776 3649 1918 3697 there
1956 3649 2200 3710 (maiores
2223 3651 2438 3716 gentes).

334 3740 559 3798 composc-
646 3746 720 3798 13.
747 3733 855 3799 qui,
879 3734 965 3783 the
990 3735 1101 3783 adv.
1117 3731 1356 3796 —Papi-
1416 3745 1491 3794 19.
1535 3730 1674 3783 sella
1697 3730 1883 3791 curuli,
1907 3732 2005 3781 abl.
2030 3731 2089 3780 os
2114 3733 2436 3797 description.

2492 1901 2547 1933 10

2492 2468 2544 2514 15
