2950 4150
919 264 1071 314 THE
1117 264 1333 313 EXILE
1374 264 1466 314 TO
1513 264 1635 313 HIS
1680 264 1967 313 FRIEND.
2412 270 2497 333 29

394 439 799 520 Epicureum
826 447 947 520 pro
969 439 1177 501 libero
1201 438 1345 501 fuit.
1430 439 1601 501 Inde
1625 438 1693 500 in
1715 438 1953 501 Asiam
1975 439 2174 501 venit.
2258 440 2494 501 Poste}

393 552 581 614 Plato
633 553 902 634 quidam
951 551 1335 627 SardianuS,
1388 550 1779 632 Epicureus,
1830 560 1943 632 qui
1988 551 2276 614 Athenis
2327 551 2494 614 solet

389 684 537 727 esse
583 665 862 727 multum
912 673 979 727 et
1024 676 1139 747 qui
1183 673 1326 727 tum
1373 664 1664 726 Athenis
1712 664 1948 739 fuerat,
1994 682 2145 725 cum
2196 663 2493 726 Licinius

388 784 469 838 eo
513 776 822 852 venisset,
866 797 1015 840 cum
1059 797 1212 840 eum
1254 776 1612 858 fugitivum
1655 796 1803 839 esse
1850 781 2086 856 posterii
2126 796 2207 839 ex
2238 776 2493 859 Aesopi

388 889 620 951 litteris
670 897 1046 970 cognosset,
1101 889 1438 953 hominem
1493 887 2001 970 comprehendit
2048 896 2115 951 et
2163 887 2230 950 in
2280 896 2493 951 custo-

389 1001 563 1063 diam
615 1001 869 1083 Ephesi
914 1002 1201 1077 tradidit,
1243 1002 1362 1065 sed
1405 1001 1473 1064 in
1517 1000 1851 1083 publicam
1896 1021 1982 1062 an
2024 999 2092 1062 in
2141 1010 2490 1082 pistrinum

389 1122 522 1176 non
556 1113 715 1177 satis
748 1134 829 1176 ex
859 1114 1266 1177 litteris-eius
1309 1115 1698 1194 intellegere
1740 1113 2093 1195 potuimus.
2188 1115 2292 1176 Tu
2338 1122 2491 1197 quo-

388 1234 521 1308 quo
552 1226 750 1289 modo
781 1236 901 1302 est,
937 1227 1248 1310 quoniam
1295 1227 1553 1308 Ephesi
1593 1234 1713 1302 est,
1750 1225 2086 1289 hominem
2129 1225 2490 1307 investiges

387 1338 585 1401 velim
647 1346 1038 1422 summaque
1092 1338 1433 1420 diligenti}
1487 1340 1595 1402 vel
1649 1346 1870 1401 tecum
1926 1339 2236 1401 deducas.
2335 1339 2492 1402 ΝὸΙῑ

389 1457 691 1532 ερεοῖὲτε
724 1459 958 1533 quanti
987 1451 1190 1514 homo
1219 1451 1321 1515 sit.
1419 1453 1615 1513 Parvi
1645 1450 1821 1513 enim
1860 1459 2031 1531 preti
2061 1459 2179 1527 est,
2216 1461 2330 1532 qui
2358 1451 2489 1513 iam

388 1562 573 1624 nihili
604 1573 743 1640 est;
792 1563 912 1626 sed
938 1571 1126 1626 tanto
1158 1564 1384 1626 dolore
1409 1564 1729 1645 Aesopus
1754 1571 1857 1625 est
1880 1563 2186 1625 adfectus
2218 1572 2491 1645 propter

388 1684 561 1737 servi
592 1675 811 1738 scelus
844 1684 911 1738 et
941 1675 1289 1738 audaciam
1323 1685 1395 1739 ut
1425 1675 1590 1737 nihil
1624 1685 1686 1738 ei
1715 1675 1968 1756 gratius
2006 1676 2231 1738 facere
2274 1685 2490 1757 possis

385 1807 586 1869 quam
620 1797 675 1850 si
705 1786 892 1850 illum
924 1807 1046 1872 per
1075 1795 1141 1850 te
1173 1786 1576 1870 reciperarit.

595 2006 759 2072 XII.
853 2007 1057 2072 THE
1121 2007 1420 2070 EXILE
1482 2006 1609 2072 TO
1676 2007 1839 2074 HIS
1904 2005 2275 2070 FRIEND

1241 2118 1411 2202 (Att.
1451 2137 1507 2199 3.
1541 2124 1623 2204 5).

1113 2279 1332 2330 cicero
1367 2278 1588 2329 Attico
1625 2278 1748 2329 sal.

467 2419 785 2485 Terentia
815 2419 935 2483 tibi
965 2428 1032 2483 et
1064 2440 1268 2502 saepe
1299 2428 1367 2483 et
1399 2417 1722 2482 mdximfls
1746 2419 1885 2501 agit
1908 2410 2172 2500 gratias,
2271 2420 2351 2483 Id
2383 2430 2487 2484 est

381 2532 543 2595 mihi
573 2533 1042 2615 gratissimum.
1140 2532 1287 2614 Ego
1316 2540 1470 2619 vivs)
1500 2532 1909 2597 miserrimus
1950 2542 2018 2596 et
2054 2532 2342 2596 maximo
2376 2534 2485 2597 do-

381 2644 517 2708 lore
548 2645 874 2709 conficior.
970 2646 1086 2709 Ad
1116 2653 1183 2708 te
1213 2645 1372 2728 quid
1414 2647 1700 2710 scribam
1738 2645 1980 2708 nescio.
2078 2645 2151 2709 Si
2190 2645 2368 2708 enim
2410 2666 2483 2709 es

378 2807 479 2855 and
512 2805 744 2869 delivery‚
769 2807 873 2855 and
902 2821 1004 2855 was
1033 2822 1146 2855 now
1176 2806 1403 2855 intimate
1453 2806 1776 2855 banishment
1798 2805 1858 2855 of
1874 2821 1972 2868 any
1995 2821 2093 2854 one
2116 2807 2230 2853 who
2261 2805 2364 2855 had
2393 2813 2483 2870 put

378 2888 496 2936 with
522 2889 641 2938 him.
710 2902 757 2951 3.
790 2888 1129 2953 Epicureum,
1163 2889 1241 2938 the
1273 2889 1401 2953 Epi·
1456 2894 1509 2936 to
1550 2888 1704 2938 death
1744 2904 1774 2937 a
1817 2889 2015 2937 Roman
2056 2889 2236 2938 citizen
2272 2889 2482 2939 without

378 2986 587 3020 curean.
622 2963 706 3032 ”4.
742 2970 1063 3030 sardiana&
1104 2972 1166 3037 of
1199 2971 1395 3020 Sardis.
1454 2971 1583 3020 trial.
1651 2973 1818 3020 When
1858 2971 2047 3031 Cicer0,
2085 2973 2282 3035 against
2314 2973 2482 3021 whom

378 3052 424 3101 8.
471 3052 761 3116 publicam,
802 3069 870 3103 sc.
917 3055 1209 3103 custodiam.
1233 3080 1298 3090 -
1320 3052 1403 3117 pi·
1455 3054 1556 3102 this
1579 3069 1682 3102 was
1716 3054 1898 3112 aimed,
1928 3054 2086 3104 found
2121 3056 2229 3104 that
2264 3055 2341 3104 his
2375 3056 2483 3104 foes

378 3134 627 3195 strinum,
663 3152 693 3184 a
727 3135 833 3184 mill
867 3136 944 3184 for
977 3136 1213 3199 grinding
1244 3136 1401 3200 grain,
1454 3152 1584 3184 were
1609 3143 1695 3185 too
1719 3137 1960 3200 powerful
1985 3143 2039 3186 to
2068 3137 2133 3186 be
2165 3139 2389 3197 resisted,
2415 3139 2480 3186 he

378 3218 430 3265 in
452 3219 618 3268 which
642 3219 910 3282 refractory
927 3219 1088 3268 slaves
1111 3234 1238 3267 were
1263 3219 1403 3268 often
1455 3218 1554 3267 fled
1574 3219 1700 3267 stom
1718 3220 1804 3268 the
1828 3220 1942 3283 city,
1963 3221 2065 3269 and
2087 3220 2293 3268 Clodius
2317 3221 2478 3269 there-

377 3301 658 3365 compelled
682 3308 736 3351 to
759 3302 898 3350 work
922 3317 976 3350 as
1000 3318 1030 3350 a
1058 3302 1396 3365 punishment.
1455 3317 1594 3365 upon
1625 3303 1815 3351 carried
1850 3303 2062 3351 another
2090 3302 2178 3351 bill
2213 3303 2481 3365 banishing

382 3395 455 3432 10.
494 3382 729 3448 Ephesi:
782 3383 1011 3448 Ephesus
1041 3399 1143 3433 was
1176 3384 1262 3433 the
1298 3392 1403 3433 seat
1455 3385 1555 3432 and
1588 3384 1857 3447 outlawing
1891 3385 1996 3433 him
2029 3385 2096 3447 by
2119 3400 2282 3433 name.
2350 3386 2480 3433 Atti-

376 3465 434 3514 of
459 3466 546 3516 the
574 3467 848 3531 provincial
879 3473 1307 3530 government.—
1322 3465 1404 3516 in-
1455 3482 1545 3514 cus
1561 3481 1663 3515 was
1684 3483 1798 3515 now
1816 3467 1867 3515 in
1894 3468 2071 3525 Rome,
2091 3469 2190 3516 and
2214 3468 2313 3517 this
2334 3467 2480 3516 letter

374 3548 635 3614 vestiga,
657 3551 792 3598 hunt
812 3558 897 3615 up.
1454 3550 1497 3598 is
1513 3565 1611 3598 one
1629 3549 1688 3598 of
1705 3549 1892 3598 several
1914 3551 2186 3598 addressed
2211 3557 2263 3598 to
2286 3550 2392 3598 him
2414 3551 2481 3613 by

462 3632 586 3681 XII.
630 3632 691 3680 In
718 3634 896 3681 March
921 3633 979 3681 of
997 3632 1060 3697 58
1079 3644 1174 3681 B.C.
1199 3632 1404 3682 Clodius
1453 3632 1631 3681 Cicero
1661 3632 1809 3680 while
1844 3647 1909 3679 on
1946 3632 2025 3680 his
2051 3647 2159 3694 way
2189 3633 2295 3680 into
2331 3633 2473 3681 exile.

375 3713 478 3763 had
499 3716 752 3780 proposed
775 3732 805 3764 a
829 3715 914 3764 bill
938 3715 1204 3780 providing
1222 3714 1297 3764 for
1315 3716 1402 3765 the
1459 3728 1503 3763 1.
1537 3726 1716 3779 saepe,
1739 3714 1822 3763 i.e.
1848 3714 1901 3761 in
1925 3714 2015 3762 her
2039 3714 2209 3762 letters
2234 3720 2286 3762 to
2308 3729 2406 3763 me.

2543 1252 2597 1283 10

2542 1811 2594 1858 15
